total_revenue,gross_income,operating_income,interest_expense_non_operating,pretax_income,income_taxes,net_income,diluted_shares_outstanding,ebitda,ebit,date,symbol,total_assets,cash_and_short_term_investments,cash_only,total_non_current_assets,total_liabilities,total_current_liabilities,total_equity,stockholders_equity,total_debt,total_cash_and_due_from_banks,net_operating_cash_flow,free_cash_flow
0,-77720000,-1880000000,-1180000.0,621150000,0,621150000,150000000.0,-1810000000.0,-1880000000,2022-12-31,JKSW.JK,159340000000.0,10140000000.0,10140000000.0,111360000000.0,653120000000.0,13930000000.0,-493770000000.0,-493770000000.0,638090000000.0,,-683290000.0,-683290000.0
0,-73700000,-2560000000,-674800.0,-80710000,0,-80710000,150000000.0,-2490000000.0,-2560000000,2023-03-31,JKSW.JK,157070000000.0,10070000000.0,10070000000.0,111080000000.0,650920000000.0,11730000000.0,-493850000000.0,-493850000000.0,638090000000.0,,-10380000.0,-73240000.0
0,-76850000,-3070000000,-634600.0,-403540000,0,-403540000,150000000.0,-2990000000.0,-3070000000,2023-06-30,JKSW.JK,164510000000.0,12960000000.0,12960000000.0,115760000000.0,658760000000.0,19580000000.0,-494260000000.0,-494260000000.0,638090000000.0,,2890000000.0,2890000000.0
0,-77010000,-3040000000,-1300000.0,-316250000,0,-316250000,150000000.0,-2969999999.0,-3040000000,2023-09-30,JKSW.JK,161110000000.0,6310000000.0,6310000000.0,120440000000.0,655690000000.0,16500000000.0,-494570000000.0,-494570000000.0,638090000000.0,,-6650000000.0,-6650000000.0
0,-77090000,-1960000000,-379500.0,716690000,0,716690000,150000000.0,-1880000000.0,-1960000000,2023-12-31,JKSW.JK,158540000000.0,6210000000.0,6210000000.0,120080000000.0,652420000000.0,13160000000.0,-493880000000.0,-493880000000.0,638090000000.0,,80300000.0,-103280000.0
0,-59780000,-3760000000,-738200.0,-1100000000,0,-1100000000,150000000.0,-3700000000.0,-3760000000,2024-03-31,JKSW.JK,154940000000.0,5560000000.0,5560000000.0,118480000000.0,649920000000.0,10660000000.0,-494980000000.0,-494980000000.0,638090000000.0,,-644160000.0,-644160000.0
0,-59780000,-3150000000,-957700.0,-212970000,0,-212970000,150000000.0,-3090000000.0,-3150000000,2024-06-30,JKSW.JK,164260000000.0,6050000000.0,6050000000.0,126340000000.0,659450000000.0,20190000000.0,-495190000000.0,-495190000000.0,638090000000.0,,485860000.0,485860000.0
44770000000,5130000000,2200000000,-75480000.0,1290000000,-501660000,789910000,2700000000.0,2550000000.0,2200000000,2022-12-31,NTBK.JK,153070000000.0,48050000000.0,48050000000.0,21170000000.0,61660000000.0,56130000000.0,91410000000.0,91410000000.0,10370000000.0,,25240000000.0,23860000000.0
32450000000,3500000000,1080000000,-83200000.0,1440000000,-419450000,1020000000,2700000000.0,1470000000.0,1080000000,2023-03-31,NTBK.JK,166300000000.0,40450000000.0,40450000000.0,22450000000.0,73870000000.0,68450000000.0,92430000000.0,92430000000.0,6280000000.0,,-2380000000.0,-4030000000.0
39660000000,4990000000,1900000000,-136870000.0,1880000000,-504430000,1380000000,2700000000.0,2340000000.0,1900000000,2023-06-30,NTBK.JK,174510000000.0,35130000000.0,35130000000.0,22670000000.0,81050000000.0,76160000000.0,93460000000.0,93460000000.0,6190000000.0,,-4250000000.0,-4890000000.0
33780000000,4800000000,1510000000,-103580000.0,1520000000,-403120000,1120000000,2700000000.0,1970000000.0,1510000000,2023-09-30,NTBK.JK,157560000000.0,31090000000.0,31090000000.0,22520000000.0,62990000000.0,58150000000.0,94570000000.0,94570000000.0,6090000000.0,,-3610000000.0,-3890000000.0
31760000000,3440000000,861600000,-61490000.0,874480000,-162350000,712130000,2700000000.0,1370000000.0,861600000,2023-12-31,NTBK.JK,143240000000.0,21770000000.0,21770000000.0,22030000000.0,48140000000.0,42870000000.0,95100000000.0,95100000000.0,11000000000.0,,-14130000000.0,-14210000000.0
21750000000,3290000000,127380000,-106580000.0,97180000,-85500000,11680000,2700000000.0,636530000.0,127380000,2024-03-31,NTBK.JK,131050000000.0,12360000000.0,12360000000.0,21650000000.0,35990000000.0,30620000000.0,95060000000.0,95060000000.0,896660000.0,,746730000.0,671510000.0
16370000000,3000000000,359910000,-72530000.0,116310000,-109740000,6570000,2700000000.0,834630000.0,359910000,2024-06-30,NTBK.JK,137950000000.0,5900000000.0,5900000000.0,21350000000.0,43360000000.0,37880000000.0,94590000000.0,94590000000.0,5790000000.0,,-10950000000.0,-10960000000.0
86140000000,-4380000000,-11740000000,-2500000000.0,-12890000000,-7130000000,-19930000000,2190000000.0,-6640000000.0,-11740000000,2022-12-31,ALTO.JK,1020000000000.0,1370000000.0,1370000000.0,870700000000.0,674410000000.0,187320000000.0,348920000000.0,347380000000.0,111040000000.0,,-12010000000.0,-14310000000.0
76110000000,6530000000,-117340000,-2690000000.0,-2880000000,58630000,-2810000000,2190000000.0,4670000000.0,-117340000,2023-03-31,ALTO.JK,1020000000000.0,5040000000.0,5040000000.0,866780000000.0,674060000000.0,186310000000.0,346100000000.0,344570000000.0,117690000000.0,,5500000000.0,4680000000.0
73720000000,5810000000,-1080000000,-2680000000.0,-3520000000,58630000,-3450000000,2190000000.0,3410000000.0,-1080000000,2023-06-30,ALTO.JK,1020000000000.0,1210000000.0,1210000000.0,862900000000.0,674840000000.0,191010000000.0,342640000000.0,341120000000.0,114910000000.0,,431960000.0,-114400000.0
82850000000,8470000000,418890000,-2780000000.0,-2560000000,58630000,-2500000000,2190000000.0,4970000000.0,418890000,2023-09-30,ALTO.JK,1010000000000.0,1130000000.0,1130000000.0,859000000000.0,669250000000.0,188420000000.0,340130000000.0,338630000000.0,115610000000.0,,-4590000000.0,-5180000000.0
53970000000,9660000000,-11030000000,-2370000000.0,-13680000000,-3450000000,-17090000000,2190000000.0,-6800000000.0,-11030000000,2023-12-31,ALTO.JK,983290000000.0,7670000000.0,7670000000.0,851820000000.0,659520000000.0,172610000000.0,323770000000.0,322300000000.0,117870000000.0,,-3600000000.0,-3620000000.0
27980000000,5470000000,12680000,-557710000.0,626600000,-2690000000,-2049999999,2190000000.0,4170000000.0,12680000,2024-03-31,ALTO.JK,972480000000.0,6720000000.0,6720000000.0,845360000000.0,650770000000.0,163560000000.0,321710000000.0,320250000000.0,117420000000.0,,-842760000.0,-842760000.0
16379999999,-2600000000,-9710000000,-659460000.0,-9160000000,443600000,-8670000000,2190000000.0,-5689999999.0,-9710000000,2024-06-30,ALTO.JK,957040000000.0,3410000000.0,3410000000.0,840690000000.0,644050000000.0,155900000000.0,312990000000.0,311580000000.0,116980000000.0,,-4330000000.0,-4330000000.0
17880000000,2650000000,813240000,-604990000.0,168180000,15730000,183910000,1280000000.0,1560000000.0,813240000,2022-09-30,HOPE.JK,194540000000.0,212430000.0,212430000.0,70520000000.0,72910000000.0,70180000000.0,121630000000.0,121620000000.0,37800000000.0,,-5740000000.0,
4890000000,-584660000,-3060000000,-904060000.0,-3960000000,31460000,-3930000000,2130000000.0,-2320000000.0,-3060000000,2023-03-31,HOPE.JK,177510000000.0,136450000.0,136450000.0,69000000000.0,59620000000.0,57600000000.0,117890000000.0,117880000000.0,38020000000.0,,-457870000.0,-642330000.0
25830000000,7530000000,4640000000,-618200000.0,4019999999,0,4019999999,2130000000.0,5380000000.0,4640000000,2023-06-30,HOPE.JK,182220000000.0,2540000000.0,2540000000.0,68260000000.0,60310000000.0,58290000000.0,121910000000.0,121890000000.0,37640000000.0,,2790000000.0,2780000000.0
6150000000,1730000000,-349670000,-1310000000.0,-1660000000,5080000,-1660000000,1280000000.0,335380000.0,-349670000,2023-09-30,HOPE.JK,171750000000.0,70950000.0,70950000.0,67580000000.0,51230000000.0,49200000000.0,120520000000.0,120510000000.0,37570000000.0,,-2700000000.0,-2630000000.0
2029999999,-3770000000,-6610000000,-995020000.0,-7550000000,1940000000,-5610000000,2130000000.0,-5920000000.0,-6610000000,2023-12-31,HOPE.JK,181970000000.0,91530000.0,91530000.0,68800000000.0,66920000000.0,64890000000.0,115050000000.0,115040000000.0,55260000000.0,,-17660000000.0,-17730000000.0
3910000000,-308060000,-2340000000,-1600000000.0,-3950000000,36550000,-3910000000,2130000000.0,-1670000000.0,-2340000000,2024-03-31,HOPE.JK,176940000000.0,48970000.0,48970000.0,68220000000.0,65790000000.0,63740000000.0,111150000000.0,111140000000.0,55250000000.0,,-22590000.0,-27490000.0
2430000000,-2340000000,-5430000000,-1940000000.0,-7370000000,-12180000,-7380000000,2130000000.0,-4770000000.0,-5430000000,2024-06-30,HOPE.JK,177640000000.0,346450000.0,346450000.0,67360000000.0,73640000000.0,71570000000.0,104000000000.0,103990000000.0,63230000000.0,,7200000000.0,
48880000000,11910000000,4410000000,-1230000000.0,2630000000,-637220000,1990000000,1080000000.0,4860000000.0,4410000000,2023-03-31,SMLE.JK,,,,,,,,,,,-3620000000.0,-4130000000.0
43440000000,10580000000,1020000000,-745420000.0,321360000,-94880000,226480000,1859999999.0,1460000000.0,1020000000,2023-06-30,SMLE.JK,86060000000.0,1270000000.0,1270000000.0,21890000000.0,63450000000.0,52200000000.0,22610000000.0,22610000000.0,23390000000.0,,1060000000.0,997070000.0
58090000000,14470000000,2660000000,-586410000.0,1450000000,-630780000,820280000,3290000000.0,3070000000.0,2660000000,2024-03-31,SMLE.JK,177760000000.0,66330000000.0,66330000000.0,24650000000.0,75120000000.0,65760000000.0,102640000000.0,102640000000.0,22090000000.0,,-11730000000.0,-13760000000.0
55470000000,13360000000,2400000000,-634100000.0,217220000,-90150000,127140000,2330000000.0,2800000000.0,2400000000,2024-06-30,SMLE.JK,183640000000.0,67150000000.0,67150000000.0,35200000000.0,80720000000.0,67450000000.0,102920000000.0,102920000000.0,25930000000.0,,7000000000.0,1630000000.0
23220000000,-9560000000,-13950000000,-335330000.0,-16940000000,-2760000000,-23230000000,3300000000.0,-6250000000.0,-13950000000,2022-12-31,EPAC.JK,296270000000.0,2000000000.0,2000000000.0,276340000000.0,181290000000.0,33250000000.0,114990000000.0,121130000000.0,97380000000.0,,12950000000.0,519030000.0
27210000000,2840000000,-1320000000,-2960000000.0,-7710000000,-14050000,-6420000000,2480000000.0,6130000000.0,-1320000000,2023-03-31,EPAC.JK,295890000000.0,2180000000.0,2180000000.0,270410000000.0,187970000000.0,30090000000.0,107920000000.0,115360000000.0,99150000000.0,,-15710000000.0,
21270000000,769900000,-3690000000,-1560000000.0,-5200000000,761310000,-3850000000,3300000000.0,2180000000.0,-3690000000,2023-06-30,EPAC.JK,288310000000.0,1650000000.0,1650000000.0,266700000000.0,184830000000.0,32770000000.0,103480000000.0,111500000000.0,93770000000.0,,9640000000.0,
31630000000,2340000000,-3280000000,-2890000000.0,-6090000000,493800000,-4680000000,3300000000.0,1589999999.0,-3280000000,2023-09-30,EPAC.JK,285740000000.0,3210000000.0,3210000000.0,261589999999.0,187850000000.0,39660000000.0,97890000000.0,106810000000.0,92250000000.0,,4700000000.0,2420000000.0
31170000000,-484290000,-7300000000,-4190000000.0,-9510000000,-1300000000,-13220000000,3300000000.0,-926110000.0,-7300000000,2023-12-31,EPAC.JK,283650000000.0,2060000000.0,2060000000.0,262740000000.0,197750000000.0,40460000000.0,85890000000.0,92550000000.0,102120000000.0,,6320000000.0,5760000000.0
31030000000,3760000000,-1350000000,-3780000000.0,-4740000000,20500000,-5000000000,3300000000.0,4590000000.0,-1350000000,2024-03-31,EPAC.JK,283140000000.0,2680000000.0,2680000000.0,258190000000.0,202230000000.0,45650000000.0,80910000000.0,87320000000.0,100480000000.0,,4460000000.0,3070000000.0
31350000000,2560000000,-2690000000,-1839999999.0,-4139999999,-339580000,-4660000000,3300000000.0,3260000000.0,-2690000000,2024-06-30,EPAC.JK,276540000000.0,2500000000.0,2500000000.0,252730000000.0,200460000000.0,45270000000.0,76080000000.0,82360000000.0,97220000000.0,,1350000000.0,1110000000.0
62990000000,12930000000,8830000000,-3400000000.0,6270000000,-1630000000,4640000000,940720000.0,11320000000.0,8830000000,2022-12-31,ITIC.JK,553210000000.0,1580000000.0,1580000000.0,400520000000.0,188890000000.0,144220000000.0,364320000000.0,364320000000.0,153200000000.0,,9320000000.0,9050000000.0
60750000000,15310000000,9770000000,-3500000000.0,6250000000,-2100000000,4150000000,940720000.0,12110000000.0,9770000000,2023-03-31,ITIC.JK,551400000000.0,1900000000.0,1900000000.0,399830000000.0,182880000000.0,144940000000.0,368520000000.0,368520000000.0,145690000000.0,,9540000000.0,9220000000.0
67560000000,18210000000,11950000000,-3250000000.0,8760000000,-2120000000,6640000000,940720000.0,14380000000.0,11950000000,2023-06-30,ITIC.JK,543210000000.0,1380000000.0,1380000000.0,402190000000.0,172710000000.0,139720000000.0,370500000000.0,370500000000.0,136979999999.0,,17750000000.0,12970000000.0
70730000000,18660000000,13520000000,-3060000000.0,10480000000,-2410000000,8070000000,940720000.0,15970000000.0,13520000000,2023-09-30,ITIC.JK,543730000000.0,708370000.0,708370000.0,403500000000.0,165110000000.0,137030000000.0,378620000000.0,378620000000.0,128320000000.0,,11710000000.0,8039999999.0
73550000000,18770000000,13570000000,-2850000000.0,10720000000,-2620000000,8100000000,940720000.0,16020000000.0,13570000000,2023-12-31,ITIC.JK,560350000000.0,2280000000.0,2280000000.0,418980000000.0,162420000000.0,138900000000.0,397930000000.0,397930000000.0,119780000000.0,,16489999999.0,10160000000.0
74550000000,16680000000,10760000000,-2980000000.0,7740000000,-2270000000,5460000000,940720000.0,13120000000.0,10760000000,2024-03-31,ITIC.JK,595790000000.0,5640000000.0,5640000000.0,417110000000.0,192390000000.0,140820000000.0,403400000000.0,403400000000.0,151600000000.0,,-28060000000.0,-28550000000.0
72600000000,13830000000,7130000000,-3380000000.0,4040000000,-1090000000,2950000000,940720000.0,9570000000.0,7130000000,2024-06-30,ITIC.JK,588670000000.0,1020000000.0,1020000000.0,415360000000.0,187010000000.0,139190000000.0,401660000000.0,401660000000.0,145280000000.0,,7120000000.0,6380000000.0
646250000000,63260000000,20660000000,-4210000000.0,24660000000,-14270000000,10390000000,410000000.0,47980000000.0,20660000000,2022-12-31,GDYR.JK,1940000000000.0,141110000000.0,141110000000.0,1070000000000.0,1230000000000.0,1230000000000.0,706140000000.0,706140000000.0,196510000000.0,,-70580000000.0,-93850000000.0
670730000000,67690000000,24240000000,-6060000000.0,6080000000,-2220000000,3860000000,410000000.0,50040000000.0,24240000000,2023-03-31,GDYR.JK,1839999999999.0,177300000000.0,177300000000.0,1030000000000.0,1160000000000.0,1160000000000.0,683950000000.0,683950000000.0,214820000000.0,,49600000000.0,20640000000.0
555130000000,56370000000,12660000000,-5730000000.0,-1410000000,-3140000000,-4550000000,410000000.0,39200000000.0,12660000000,2023-06-30,GDYR.JK,1819999999999.0,100890000000.0,100890000000.0,1010000000000.0,1140000000000.0,1130000000000.0,679270000000.0,679270000000.0,247290000000.0,,-79020000000.0,-107000000000.0
734350000000,94640000000,55650000000,-5240000000.0,66360000000,-2630000000,63720000000,410000000.0,82540000000.0,55650000000,2023-09-30,GDYR.JK,1830000000000.0,102380000000.0,102380000000.0,1040000000000.0,1060000000000.0,1060000000000.0,765160000000.0,765160000000.0,129250000000.0,,150770000000.0,115620000000.0
645970000000,88090000000,39810000000,-8119999999.0,30490000000,-5630000000,24870000000,410000000.0,67129999999.0,39810000000,2023-12-31,GDYR.JK,1740000000000.0,93690000000.0,93690000000.0,1070000000000.0,955500000000.0,930950000000.0,785220000000.0,785220000000.0,131360000000.0,,38770000000.0,16260000000.0
634000000000,80720000000,38840000000,-3460000000.0,45620000000,-9850000000,35770000000,410000000.0,66560000000.0,38840000000,2024-03-31,GDYR.JK,1760000000000.0,128139999999.0,128139999999.0,1070000000000.0,917430000000.0,891900000000.0,844800000000.0,844800000000.0,95230000000.0,,85700000000.0,67239999999.0
663070000000,84750000000,38100000000,-2040000000.0,45270000000,-9720000000,35550000000,410000000.0,66060000000.0,38100000000,2024-06-30,GDYR.JK,1839999999999.0,165970000000.0,165970000000.0,1040000000000.0,933240000000.0,909590000000.0,908580000000.0,908580000000.0,39730000000.0,,103960000000.0,92670000000.0
84940000000,31260000000,18250000000,-35830000.0,13880000000,-3190000000,11180000000,800000000.0,18830000000.0,18250000000,2022-12-31,KMDS.JK,233320000000.0,18960000000.0,18960000000.0,92290000000.0,48250000000.0,44420000000.0,185070000000.0,184560000000.0,866540000.0,,-10100000000.0,-4410000000.0
78100000000,22750000000,13720000000,-30710000.0,14970000000,-3360000000,12070000000,800000000.0,14310000000.0,13720000000,2023-03-31,KMDS.JK,243510000000.0,38050000000.0,38050000000.0,92650000000.0,46440000000.0,42510000000.0,197080000000.0,196640000000.0,1060000000.0,,19010000000.0,18920000000.0
79900000000,26070000000,14700000000,-33830000.0,14770000000,-3290000000,11910000000,800000000.0,15300000000.0,14700000000,2023-06-30,KMDS.JK,234280000000.0,32670000000.0,32670000000.0,92640000000.0,54160000000.0,49970000000.0,180130000000.0,179740000000.0,1500000000.0,,13030000000.0,12980000000.0
80740000000,26590000000,15840000000,-60090000.0,14780000000,-3340000000,13100000000,800000000.0,16430000000.0,15840000000,2023-09-30,KMDS.JK,243810000000.0,43330000000.0,43330000000.0,93420000000.0,50680000000.0,46720000000.0,193130000000.0,192850000000.0,1160000000.0,,10680000000.0,10590000000.0
99560000000,30300000000,16890000000,-63970000.0,16960000000,-3800000000,14330000000,800000000.0,17540000000.0,16890000000,2023-12-31,KMDS.JK,245150000000.0,36780000000.0,36780000000.0,94400000000.0,37540000000.0,32840000000.0,207610000000.0,207280000000.0,1010000000.0,,5900000000.0,4680000000.0
88300000000,28220000000,16530000000,-43780000.0,16110000000,-3590000000,13290000000,800000000.0,17160000000.0,16530000000,2024-03-31,KMDS.JK,266480000000.0,46450000000.0,46450000000.0,94590000000.0,45580000000.0,41000000000.0,220900000000.0,220570000000.0,862620000.0,,9910000000.0,9850000000.0
81680000000,25990000000,14600000000,-35510000.0,13900000000,-3120000000,11710000000,800000000.0,15220000000.0,14600000000,2024-06-30,KMDS.JK,246120000000.0,38970000000.0,38970000000.0,93560000000.0,43120000000.0,38620000000.0,203000000000.0,202680000000.0,714270000.0,,10330000000.0,10290000000.0
64650000000,-9860000000,-15660000000,-15900000.0,-13870000000,2850000000,-11020000000,1170000000.0,-12530000000.0,-15660000000,2022-12-31,SSTM.JK,456580000000.0,1720000000.0,1720000000.0,222570000000.0,217930000000.0,164180000000.0,238650000000.0,238650000000.0,0.0,,-1440000000.0,-171810000.0
68390000000,4930000000,1580000000,-17520000.0,1920000000,-467110000,1450000000,1170000000.0,4450000000.0,1580000000,2023-03-31,SSTM.JK,437560000000.0,2300000000.0,2300000000.0,219020000000.0,197460000000.0,143680000000.0,240100000000.0,240100000000.0,0.0,,570750000.0,570750000.0
44960000000,3469999999,-573120000,-16190000.0,64379999,-121310000,-56930000,1170000000.0,2440000000.0,-573120000,2023-06-30,SSTM.JK,422020000000.0,2230000000.0,2230000000.0,215660000000.0,181980000000.0,128419999999.0,240040000000.0,240040000000.0,0.0,,-62130000.0,-62130000.0
69450000000,3469999999,-148500000,-13630000.0,200760000,-101910000,98850000,1170000000.0,2850000000.0,-148500000,2023-09-30,SSTM.JK,400520000000.0,3390000000.0,3390000000.0,213730000000.0,160370000000.0,106780000000.0,240140000000.0,240140000000.0,0.0,,2540000000.0,1160000000.0
41650000000,-10570000000,-13500000000,-15180000.0,-10180000000,2450000000,-7730000000,1170000000.0,-10790000000.0,-13500000000,2023-12-31,SSTM.JK,439170000000.0,2380000000.0,2380000000.0,213210000000.0,203310000000.0,152880000000.0,235860000000.0,235860000000.0,0.0,,-1010000000.0,-1010000000.0
61740000000,5230000000,2180000000,-56590000.0,6689999999,-690680000,6000000000,1170000000.0,4750000000.0,2180000000,2024-03-31,SSTM.JK,427060000000.0,3150000000.0,3150000000.0,210230000000.0,185200000000.0,134770000000.0,241860000000.0,241860000000.0,0.0,,1260000000.0,767750000.0
45520000000,2210000000,-1290000000,-51440000.0,3390000000,131560000,3520000000,1170000000.0,1280000000.0,-1290000000,2024-06-30,SSTM.JK,412840000000.0,2750000000.0,2750000000.0,207600000000.0,167460000000.0,117030000000.0,245380000000.0,245380000000.0,0.0,,-399410000.0,-399410000.0
66330000000,11140000000,7590000000,-488470000.0,7240000000,-1750000000,5490000000,1630000000.0,,7590000000,2022-09-30,KRYA.JK,188890000000.0,33030000000.0,33000000000.0,43780000000.0,85930000000.0,67560000000.0,102960000000.0,101980000000.0,30390000000.0,,-17280000000.0,-17640000000.0
39560000000,1150000000,-1720000000,-453440000.0,-2040000000,-1090000000,-3120000000,1630000000.0,-1010000000.0,-1720000000,2022-12-31,KRYA.JK,155010000000.0,29150000000.0,17800000000.0,44440000000.0,56040000000.0,37590000000.0,98960000000.0,97980000000.0,25120000000.0,,1750000000.0,143740000.0
32570000000,3870000000,1480000000,-329550000.0,1350000000,-877000000,468120000,1660000000.0,2200000000.0,1480000000,2023-03-31,KRYA.JK,150230000000.0,27240000000.0,15890000000.0,44690000000.0,44780000000.0,26800000000.0,105450000000.0,104470000000.0,20970000000.0,,-1830000000.0,-1980000000.0
17970000000,-7680000000,-10950000000,-340040000.0,-11390000000,-566800000,-11940000000,1630000000.0,-10130000000.0,-10950000000,2023-06-30,KRYA.JK,133900000000.0,27480000000.0,16129999999.0,46650000000.0,42900000000.0,23820000000.0,91000000000.0,90030000000.0,22720000000.0,,3270000000.0,3190000000.0
37470000000,15810000000,13670000000,-336250000.0,13720000000,-994380000,12720000000,1660000000.0,14520000000.0,13670000000,2023-09-30,KRYA.JK,164030000000.0,26190000000.0,14840000000.0,46180000000.0,60250000000.0,42380000000.0,103780000000.0,102810000000.0,27550000000.0,,-5720000000.0,-6200000000.0
59070000000,5590000000,1640000000,-1120000000.0,798620000,-72710000,713810000,1660000000.0,2430000000.0,1640000000,2024-03-31,KRYA.JK,209500000000.0,18980000000.0,18980000000.0,45310000000.0,104420000000.0,88740000000.0,105080000000.0,104090000000.0,50960000000.0,,-274650000.0,-440890000.0
56860000000,5780000000,1410000000,-932990000.0,338660000,30,334270000,1660000000.0,2190000000.0,1410000000,2024-06-30,KRYA.JK,195890000000.0,19710000000.0,19710000000.0,45060000000.0,90470000000.0,75760000000.0,105420000000.0,104430000000.0,55970000000.0,,-3400000000.0,-3880000000.0
66410000000,26990000000,1440000000,-3950000000.0,-2320000000,-4790000000,-7180000000,1080000000.0,4689999999.0,1440000000,2022-12-31,APII.JK,564390000000.0,26930000000.0,15720000000.0,252050000000.0,186710000000.0,174910000000.0,377680000000.0,364180000000.0,122960000000.0,,1420000000.0,-2510000000.0
80080000000,43280000000,14250000000,-3620000000.0,10510000000,-2480000000,7410000000,1080000000.0,16790000000.0,14250000000,2023-03-31,APII.JK,575090000000.0,31630000000.0,20420000000.0,270220000000.0,189450000000.0,174750000000.0,385630000000.0,371520000000.0,122180000000.0,,17710000000.0,5500000000.0
67900000000,33689999999,5170000000,-3590000000.0,4059999999,-1120000000,2860000000,1080000000.0,7980000000.0,5170000000,2023-06-30,APII.JK,570160000000.0,24170000000.0,13040000000.0,273529999999.0,181660000000.0,166980000000.0,388500000000.0,374310000000.0,114880000000.0,,5580000000.0,-6660000000.0
86190000000,44920000000,17100000000,-3670000000.0,10980000000,-3290000000,7130000000,1080000000.0,19950000000.0,17100000000,2023-09-30,APII.JK,581570000000.0,20780000000.0,9690000000.0,292280000000.0,185180000000.0,170910000000.0,396390000000.0,381340000000.0,113330000000.0,,13530000000.0,-2870000000.0
64950000000,47370000000,16710000000,-3660000000.0,15790000000,-3790000000,11590000000,1080000000.0,19580000000.0,16710000000,2023-12-31,APII.JK,600740000000.0,30470000000.0,19180000000.0,292320000000.0,190290000000.0,175770000000.0,410450000000.0,392550000000.0,126690000000.0,,-6130000000.0,4450000000.0
77040000000,38090000000,6370000000,-4130000000.0,3990000000,-1930000000,1790000000,1080000000.0,9390000000.0,6370000000,2024-03-31,APII.JK,615430000000.0,20070000000.0,8780000000.0,320150000000.0,203070000000.0,185270000000.0,412360000000.0,394200000000.0,134750000000.0,,27380000000.0,-14240000000.0
76550000000,39860000000,6880000000,-4130000000.0,10410000000,-1370000000,8630000000,1080000000.0,9780000000.0,6880000000,2024-06-30,APII.JK,617960000000.0,19360000000.0,8070000000.0,327760000000.0,196640000000.0,179210000000.0,421320000000.0,402750000000.0,132320000000.0,,3610000000.0,-2610000000.0
108790000000,52970000000,46860000000,0.0,48590000000,0,48590000000,7000000000.0,54110000000.0,46860000000,2022-12-31,HATM.JK,716250000000.0,105140000000.0,105140000000.0,530850000000.0,16829999999.0,16320000000.0,699410000000.0,699410000000.0,0.0,,41310000000.0,-215510000000.0
96210000000,31430000000,23800000000,-1480000000.0,24700000000,0,24700000000,7000000000.0,35390000000.0,23800000000,2023-03-31,HATM.JK,907650000000.0,25220000000.0,15220000000.0,762110000000.0,183540000000.0,58030000000.0,724110000000.0,724110000000.0,147500000000.0,,15510000000.0,-220590000000.0
158130000000,75670000000,67340000000,-2810000000.0,64830000000,0,64830000000,7000000000.0,81650000000.0,67340000000,2023-06-30,HATM.JK,964480000000.0,74390000000.0,54390000000.0,747750000000.0,204030000000.0,78510000000.0,760450000000.0,760450000000.0,140000000000.0,,85170000000.0,85170000000.0
136979999999,52530000000,45160000000,-2590000000.0,43200000000,0,43200000000,7000000000.0,54290000000.0,45160000000,2023-09-30,HATM.JK,962890000000.0,86260000000.0,46260000000.0,745830000000.0,159250000000.0,33729999999.0,803640000000.0,803640000000.0,132500000000.0,,32180000000.0,32180000000.0
184360000000,76970000000,66200000000,-2540000000.0,65450000000,0,65450000000,7000000000.0,81500000000.0,66200000000,2023-12-31,HATM.JK,1050000000000.0,121630000000.0,121630000000.0,731220000000.0,176750000000.0,80860000000.0,869080000000.0,869080000000.0,124690000000.0,,43160000000.0,43050000000.0
149990000000,40750000000,30030000000,-2380000000.0,29270000000,0,29270000000,7000000000.0,45760000000.0,30030000000,2024-03-31,HATM.JK,1090000000000.0,183780000000.0,183780000000.0,727480000000.0,227040000000.0,131160000000.0,858740000000.0,858740000000.0,117210000000.0,,121240000000.0,121240000000.0
217140000000,71580000000,55720000000,-2069999999.0,55250000000,0,55250000000,7000000000.0,71840000000.0,55720000000,2024-06-30,HATM.JK,1070000000000.0,181720000000.0,181720000000.0,711730000000.0,154780000000.0,58890000000.0,913980000000.0,913980000000.0,109730000000.0,,5800000000.0,5800000000.0
13100000000,8850000000,737300000,-1560000000.0,-468010000,467540000,-466000,450000000.0,2060000000.0,737300000,2022-12-31,SNLK.JK,203040000000.0,22560000000.0,22560000000.0,177360000000.0,53360000000.0,13830000000.0,149680000000.0,149680000000.0,40520000000.0,,3750000000.0,3230000000.0
9250000000,6020000000,-1490000000,,-1180000000,0,-1180000000,450000000.0,442680000.0,-1490000000,2023-03-31,SNLK.JK,195530000000.0,21770000000.0,21770000000.0,170110000000.0,47040000000.0,13710000000.0,148490000000.0,148490000000.0,34310000000.0,,380330000.0,-789570000.0
10290000000,6130000000,-2940000000,,-2740000000,0,-2740000000,450000000.0,-967080000.0,-2940000000,2023-06-30,SNLK.JK,189710000000.0,16030000000.0,16030000000.0,169130000000.0,43960000000.0,10630000000.0,145750000000.0,145750000000.0,31090000000.0,,-1500000000.0,-2240000000.0
12520000000,8250000000,247130000,,527630000,0,527630000,450000000.0,2260000000.0,247130000,2023-09-30,SNLK.JK,190890000000.0,17129999999.0,17129999999.0,169580000000.0,44610000000.0,11280000000.0,146280000000.0,146280000000.0,31070000000.0,,3320000000.0,4820000000.0
15190000000,-2490000000,-2950000000,-1780000000.0,1859999999,4430000000,6290000000,450000000.0,-845940000.0,-2950000000,2023-12-31,SNLK.JK,217620000000.0,21120000000.0,21120000000.0,193640000000.0,47960000000.0,13760000000.0,169660000000.0,169660000000.0,32810000000.0,,6340000000.0,50640000.0
10740000000,3420000000,-2800000000,-4380000.0,-2320000000,0,-2320000000,450000000.0,-518230000.0,-2800000000,2024-03-31,SNLK.JK,210590000000.0,15120000000.0,15120000000.0,192990000000.0,43240000000.0,9040000000.0,167340000000.0,167340000000.0,29050000000.0,,-584670000.0,-2230000000.0
11190000000,3990000000,-1440000000,-833570000.0,-1950000000,0,-1950000000,450000000.0,845940000.0,-1440000000,2024-06-30,SNLK.JK,211220000000.0,16469999999.0,16469999999.0,190880000000.0,45830000000.0,11630000000.0,165390000000.0,165390000000.0,29850000000.0,,1580000000.0,1370000000.0
17360000000,-79130000,-45830000000,-740940000.0,-44370000000,10970000000,-33680000000,1880000000.0,-42320000000.0,-45830000000,2022-12-31,BEEF.JK,615020000000.0,3080000000.0,3080000000.0,542150000000.0,881310000000.0,299270000000.0,-266290000000.0,-265649999999.0,2740000000.0,,24100000000.0,-28460000.0
24660000000,-921130000,-7950000000,-43620000.0,-7300000000,426780000,-6870000000,,-4130000000.0,-7950000000,2023-03-31,BEEF.JK,632460000000.0,1220000000.0,1220000000.0,538690000000.0,905620000000.0,323620000000.0,-273160000000.0,-272510000000.0,2230000000.0,,6939999999.0,-1350000000.0
277050000000,33650000000,20610000000,-62180000.0,68569999999,-9700000000,58890000000,7030000000.0,22440000000.0,20610000000,2023-06-30,BEEF.JK,644420000000.0,2500000000.0,2500000000.0,527630000000.0,509020000000.0,283240000000.0,135389999999.0,136050000000.0,740810000.0,,-38170000000.0,-30170000000.0
81920000000,15960000000,5130000000,-164990000.0,3540000000,-1720000000,1810000000,7030000000.0,8300000000.0,5130000000,2023-09-30,BEEF.JK,752140000000.0,5190000000.0,5190000000.0,526679999999.0,615040000000.0,389090000000.0,137100000000.0,137750000000.0,594430000.0,,32549999999.0,29890000000.0
228140000000,49990000000,3430000000,,4260000000,-1010000000,3230000000,7030000000.0,6350000000.0,3430000000,2023-12-31,BEEF.JK,690330000000.0,10070000000.0,10070000000.0,569080000000.0,549790000000.0,323060000000.0,140540000000.0,141110000000.0,892070000.0,,98390000000.0,17140000000.0
227920000000,38420000000,18980000000,-1550000000.0,17420000000,-3110000000,14310000000,7030000000.0,22030000000.0,18980000000,2024-03-31,BEEF.JK,933410000000.0,7300000000.0,7300000000.0,568960000000.0,778560000000.0,473200000000.0,154840000000.0,155420000000.0,199530000000.0,,-167270000000.0,-201410000000.0
1130000000000,73960000000,43850000000,-3950000000.0,34630000000,-8359999999,26280000000,7030000000.0,46940000000.0,43850000000,2024-06-30,BEEF.JK,1690000000000.0,153920000000.0,153920000000.0,881690000000.0,1490000000000.0,1090000000000.0,198670000000.0,197990000000.0,653750000000.0,,72090000000.0,47810000000.0
41850000000000,,14030000000000,,14180000000000,-2700000000000,10520000000000,93260000000.0,,,2022-12-31,BMRI.JK,1992680000000000.0,,,,1740430000000000.0,,252250000000000.0,229680000000000.0,149290000000000.0,211140000000000,237160000000000.0,234740000000000.0
40650000000000,,17239999999999,,17260000000000,-3400000000000,12560000000000,93260000000.0,,,2023-03-31,BMRI.JK,1908310000000000.0,,,,1666660000000000.0,,241650000000000.0,217760000000000.0,149860000000000.0,138570000000000,19140000000000.0,18530000000000.0
42750000000000,,17180000000000,,17180000000000,-3340000000000,12670000000000,93330000000.0,,,2023-06-30,BMRI.JK,1964180000000000.0,,,,1708940000000000.0,,255250000000000.0,231010000000000.0,177320000000000.0,157860000000000,-4780000000000.0,-5440000000000.0
43910000000000,,18820000000000,,18770000000000,-3710000000000,13830000000000,93330000000.0,,,2023-09-30,BMRI.JK,2007160000000000.0,,,,1738560000000000.0,,268600000000000.0,243310000000000.0,179450000000000.0,144010000000000,20130000000000.0,18950000000000.0
45640000000000,,21480000000000,,21470000000000,-4190000000000,16000000000000,93330000000.0,,,2023-12-31,BMRI.JK,2174500000000000.0,,,,1887010000000000.0,,287490000000000.0,260850000000000.0,201190000000000.0,191660000000000,69340000000000.0,66840000000000.0
45880000000000,,17559999999999,,17600000000000,-3480000000000,12700000000000,93330000000.0,,,2024-03-31,BMRI.JK,2164070000000000.0,,,,1895280000000000.0,,268790000000000.0,240690000000000.0,209760000000000.0,151610000000000,14460000000000.0,13720000000000.0
46000000000000,,18850000000000,,19000000000000,-3850000000000,13850000000000,93330000000.0,,,2024-06-30,BMRI.JK,2258090000000000.0,,,,1975750000000000.0,,282330000000000.0,254350000000000.0,216780000000000.0,143840000000000,7010000000000.0,5900000000000.0
3650000000000,,1730000000000,,1740000000000,-323780000000,1410000000000,11740000000.0,,,2022-12-31,MEGA.JK,141890000000000.0,,,,121250000000000.0,,20630000000000.0,20630000000000.0,16739999999999.0,18760000000000,1640000000000.0,1620000000000.0
3170000000000,,1210000000000,,1210000000000,-226100000000,985380000000,11740000000.0,,,2023-03-31,MEGA.JK,130620000000000.0,,,,111490000000000.0,,19130000000000.0,19130000000000.0,13740000000000.0,13640000000000,18590000000.0,-7970000000.0
3350000000000,,1230000000000,,1240000000000,-252820000000,986440000000,11740000000.0,,,2023-06-30,MEGA.JK,129300000000000.0,,,,108730000000000.0,,20570000000000.0,20570000000000.0,11190000000000.0,11870000000000,1890000000000.0,1880000000000.0
3040000000000,,1010000000000,,1010000000000,-189750000000,823100000000,11740000000.0,,,2023-09-30,MEGA.JK,116960000000000.0,,,,96260000000000.0,,20700000000000.0,20700000000000.0,13840000000000.0,9490000000000,1620000000000.0,1600000000000.0
2930000000000,,882090000000,,879130000000,-163390000000,715750000000,11740000000.0,,,2023-12-31,MEGA.JK,132120000000000.0,,,,110360000000000.0,,21760000000000.0,21760000000000.0,19430000000000.0,7680000000000,160380000000.0,79530000000.0
3060000000000,,984420000000,,990220000000,-187710000000,802510000000,11740000000.0,,,2024-03-31,MEGA.JK,126610000000000.0,,,,106670000000000.0,,19940000000000.0,19940000000000.0,11450000000000.0,11230000000000,1050000000000.0,1020000000000.0
2950000000000,,519530000000,,526419999999,-100080000000,426340000000,11740000000.0,,,2024-06-30,MEGA.JK,128080000000000.0,,,,108270000000000.0,,19820000000000.0,19820000000000.0,17420000000000.0,10520000000000,612510000000.0,578230000000.0
145770000000,30850000000,16350000000,-1880000000.0,11700000000,-1780000000,8980000000,3830000000.0,19650000000.0,16350000000,2022-12-31,TYRE.JK,364780000000.0,8010000000.0,8010000000.0,124620000000.0,174860000000.0,158600000000.0,189930000000.0,179870000000.0,121830000000.0,,,
131860000000,16960000000,7450000000,-2020000000.0,8460000000,-1880000000,6330000000,2780000000.0,10740000000.0,7450000000,2023-03-31,TYRE.JK,,,,,,,,,,,15180000000.0,6980000000.0
124700000000,20710000000,8369999999,-1790000000.0,6100000000,-1640000000,4300000000,3480000000.0,11650000000.0,8369999999,2023-06-30,TYRE.JK,453320000000.0,87060000000.0,87060000000.0,129949999999.0,158720000000.0,141470000000.0,294600000000.0,284170000000.0,109070000000.0,,-4630000000.0,-10470000000.0
120410000000,22410000000,11270000000,-1490000000.0,10060000000,-2069999999,7560000000,3480000000.0,14640000000.0,11270000000,2023-09-30,TYRE.JK,445400000000.0,56410000000.0,56410000000.0,165710000000.0,142930000000.0,126200000000.0,302470000000.0,291590000000.0,106760000000.0,,9500000000.0,-29650000000.0
138710000000,25360000000,4490000000,-2089999999.0,2360000000,-749960000,1550000000,3480000000.0,8580000000.0,4490000000,2023-12-31,TYRE.JK,461140000000.0,24000000000.0,24000000000.0,192400000000.0,156930000000.0,139380000000.0,304210000000.0,293270000000.0,119890000000.0,,-13010000000.0,-43430000000.0
140670000000,22860000000,12530000000,-1710000000.0,9450000000,-2000000000,7160000000,3480000000.0,16360000000.0,12530000000,2024-03-31,TYRE.JK,481800000000.0,60990000000.0,60990000000.0,209100000000.0,170300000000.0,152530000000.0,311500000000.0,300280000000.0,122140000000.0,,55240000000.0,34740000000.0
128919999999,26440000000,12170000000,-1560000000.0,7820000000,-1740000000,5760000000,3480000000.0,16800000000.0,12170000000,2024-06-30,TYRE.JK,502400000000.0,55270000000.0,55270000000.0,227020000000.0,184970000000.0,167500000000.0,317430000000.0,305880000000.0,139000000000.0,,-12940000.0,-22590000000.0
1040000000000,,56720000000,,51350000000,-13140000000,38210000000,19720000000.0,,,2022-12-31,BSIM.JK,47350000000000.0,,,,40070000000000.0,,7290000000000.0,7290000000000.0,623300000000.0,8580000000000,560010000000.0,524409999999.0
963290000000,,90210000000,,88590000000,-16829999999,71760000000,19720000000.0,,,2023-03-31,BSIM.JK,47350000000000.0,,,,39900000000000.0,,7450000000000.0,7450000000000.0,603800000000.0,8449999999999,-551540000000.0,-592050000000.0
1010000000000,,88650000000,,84640000000,-16079999999,68560000000,19720000000.0,,,2023-06-30,BSIM.JK,47950000000000.0,,,,40290000000000.0,,7660000000000.0,7660000000000.0,664860000000.0,8289999999999,759160000000.0,702690000000.0
1050000000000,,81000000000,,81290000000,-1819999999,79470000000,19720000000.0,,,2023-09-30,BSIM.JK,47700000000000.0,,,,40160000000000.0,,7540000000000.0,7540000000000.0,651040000000.0,7939999999999,122170000000.0,107510000000.0
1280000000000,,-180420000000,,-180940000000,36950000000,-144000000000,19720000000.0,,,2023-12-31,BSIM.JK,52630000000000.0,,,,44810000000000.0,,7830000000000.0,7830000000000.0,2009999999999.0,12530000000000,1750000000000.0,1680000000000.0
1130000000000,,119070000000,,119250000000,-24250000000,74730000000,19720000000.0,,,2024-03-31,BSIM.JK,52220000000000.0,,,,43830000000000.0,,8390000000000.0,7880000000000.0,2540000000000.0,11270000000000,330370000000.0,309680000000.0
1110000000000,,130310000000,,130720000000,-26520000000,82790000000,19720000000.0,,,2024-06-30,BSIM.JK,52400000000000.0,,,,44080000000000.0,,8320000000000.0,7790000000000.0,877510000000.0,10370000000000,-256540000000.0,-277920000000.0
57160000000,10610000000,-5950000000,-625200000.0,-5320000000,-6840000000,-12160000000,2400000000.0,-5450000000.0,-5950000000,2022-12-31,MMIX.JK,196870000000.0,80070000000.0,80070000000.0,12090000000.0,33869999999.0,33250000000.0,163000000000.0,163000000000.0,1050000000.0,,0.0,-1290000000.0
51650000000,30980000000,10990000000,-229720000.0,10890000000,6290000,10900000000,2400000000.0,11870000000.0,10990000000,2023-03-31,MMIX.JK,203280000000.0,52050000000.0,52050000000.0,16680000000.0,29380000000.0,28730000000.0,173900000000.0,173900000000.0,976970000.0,,-13930000000.0,-19360000000.0
39680000000,19520000000,5910000000,-505160000.0,5610000000,-6290000,5600000000,2400000000.0,7070000000.0,5910000000,2023-06-30,MMIX.JK,253110000000.0,45450000000.0,45450000000.0,16660000000.0,73580000000.0,73080000000.0,179530000000.0,179530000000.0,50570000000.0,,-54720000000.0,-50310000000.0
48510000000,22930000000,12900000000,-2310000000.0,10800000000,0,10800000000,2400000000.0,14220000000.0,12900000000,2023-09-30,MMIX.JK,248610000000.0,19710000000.0,19710000000.0,20670000000.0,58280000000.0,57830000000.0,190330000000.0,190330000000.0,50480000000.0,,-32030000000.0,-37360000000.0
35300000000,27950000000,-4030000000,-1870000000.0,-5780000000,-5020000000,-10790000000,2400000000.0,-2430000000.0,-4030000000,2023-12-31,MMIX.JK,325450000000.0,67319999999.0,67319999999.0,23560000000.0,145970000000.0,85010000000.0,179480000000.0,179480000000.0,129430000000.0,,-535370000.0,-21930000000.0
30150000000,18480000000,2020000000,-4570000000.0,-2100000000,408730000,-1690000000,2400000000.0,3940000000.0,2020000000,2024-03-31,MMIX.JK,369120000000.0,12180000000.0,12180000000.0,100800000000.0,191350000000.0,79880000000.0,177770000000.0,177770000000.0,168160000000.0,,-32920000000.0,-93870000000.0
39230000000,20370000000,1650000000,-5510000000.0,-3550000000,730120000,-2820000000,2400000000.0,3630000000.0,1650000000,2024-06-30,MMIX.JK,388280000000.0,33990000000.0,33990000000.0,100250000000.0,213340000000.0,23710000000.0,174940000000.0,174940000000.0,196290000000.0,,-5870000000.0,-6320000000.0
388500000000,,58090000000,,58870000000,-14070000000,44800000000,37920000000.0,,,2022-12-31,MCOR.JK,25020000000000.0,,,,18820000000000.0,,6200000000000.0,6200000000000.0,543730000000.0,2320000000000,130120000000.0,
395290000000,,75430000000,,76220000000,-16770000000,59450000000,37920000000.0,,,2023-03-31,MCOR.JK,24350000000000.0,,,,18090000000000.0,,6260000000000.0,6260000000000.0,526500000000.0,2200000000000,127550000000.0,
408090000000,,76900000000,,80220000000,-17650000000,62570000000,37920000000.0,,,2023-06-30,MCOR.JK,24380000000000.0,,,,18050000000000.0,,6330000000000.0,6330000000000.0,804720000000.0,2480000000000,116310000000.0,
460730000000,,68370000000,,71090000000,-15640000000,55450000000,37920000000.0,,,2023-09-30,MCOR.JK,26290000000000.0,,,,19910000000000.0,,6380000000000.0,6380000000000.0,1030000000000.0,1850000000000,-245780000000.0,
467760000000,,81990000000,,82260000000,-18450000000,63810000000,37920000000.0,,,2023-12-31,MCOR.JK,27850000000000.0,,,,21310000000000.0,,6540000000000.0,6540000000000.0,883660000000.0,1810000000000,556460000000.0,
546500000000,,91260000000,,94320000000,-20750000000,73570000000,37920000000.0,,,2024-03-31,MCOR.JK,29820000000000.0,,,,23210000000000.0,,6620000000000.0,6620000000000.0,1760000000000.0,2020000000000,137120000000.0,133150000000.0
548980000000,,118420000000,,95510000000,-21010000000,74500000000,37920000000.0,,,2024-06-30,MCOR.JK,31480000000000.0,,,,24790000000000.0,,6689999999999.0,6689999999999.0,1700000000000.0,2490000000000,65690000000.0,61260000000.0
19840000000,4269999999,24200000,-287330000.0,37380000,-6590000,30790000,276000000.0,857460000.0,24200000,2022-12-31,KICI.JK,181670000000.0,7860000000.0,7210000000.0,46520000000.0,67160000000.0,20320000000.0,114510000000.0,114510000000.0,12830000000.0,,-623110000.0,-623110000.0
21940000000,4750000000,706900000,-234320000.0,-299330000,64550000,-234780000,276000000.0,1540000000.0,706900000,2023-03-31,KICI.JK,184880000000.0,12030000000.0,11460000000.0,46050000000.0,70610000000.0,22290000000.0,114270000000.0,114270000000.0,12960000000.0,,3950000000.0,3950000000.0
13700000000,2920000000,-1180000000,-258950000.0,-2180000000,480610000,-1700000000,276000000.0,-351290000.0,-1180000000,2023-06-30,KICI.JK,180760000000.0,8000000000.0,7430000000.0,45550000000.0,68180000000.0,18540000000.0,112580000000.0,112580000000.0,11610000000.0,,-2820000000.0,-2820000000.0
19360000000,3090000000,-841700000,-249430000.0,-1810000000,397460000,-1420000000,276000000.0,-13290000.0,-841700000,2023-09-30,KICI.JK,180410000000.0,8630000000.0,8039999999.0,45150000000.0,69250000000.0,17830000000.0,111160000000.0,111160000000.0,10670000000.0,,1440000000.0,1440000000.0
17120000000,3380000000,-455860000,-262630000.0,-1600000000,351790000,-1240000000,276000000.0,372260000.0,-455860000,2023-12-31,KICI.JK,180250000000.0,5810000000.0,5220000000.0,44900000000.0,70280000000.0,16950000000.0,109970000000.0,109970000000.0,10650000000.0,,-2969999999.0,-2990000000.0
19610000000,3710000000,-334040000,-199220000.0,-1380000000,302330000,-1080000000,276000000.0,491330000.0,-334040000,2024-03-31,KICI.JK,185330000000.0,8380000000.0,7760000000.0,47650000000.0,76430000000.0,19540000000.0,108890000000.0,108890000000.0,11170000000.0,,5170000000.0,4590000000.0
17100000000,3230000000,-1130000000,-217720000.0,-2160000000,476330000,-1680000000,276000000.0,-301300000.0,-1130000000,2024-06-30,KICI.JK,186940000000.0,2930000000.0,2290000000.0,47580000000.0,79730000000.0,21330000000.0,107210000000.0,107210000000.0,12820000000.0,,-6800000000.0,-7140000000.0
7220000000000,,693640000000,,976960000000,-206690000000,770270000000,10590000000.0,,,2022-12-31,BBTN.JK,402150000000000.0,,,,376240000000000.0,,25910000000000.0,25910000000000.0,42940000000000.0,40050000000000,5590000000000.0,4890000000000.0
7350000000000,,1150000000000,,1010000000000,-213450000000,800890000000,14030000000.0,,,2023-03-31,BBTN.JK,401510000000000.0,,,,373880000000000.0,,27620000000000.0,27620000000000.0,42350000000000.0,35100000000000,-668470000000.0,-856940000000.0
7540000000000,,889440000000,,851960000000,-178470000000,673490000000,14030000000.0,,,2023-06-30,BBTN.JK,400540000000000.0,,,,372150000000000.0,,28390000000000.0,28390000000000.0,46780000000000.0,30570000000000,-22230000000000.0,-22270000000000.0
7890000000000,,1000000000000,,1050000000000,-211340000000,838340000000,14030000000.0,,,2023-09-30,BBTN.JK,409670000000000.0,,,,380620000000000.0,,29050000000000.0,29050000000000.0,46110000000000.0,33820000000000,25560000000000.0,25280000000000.0
8460000000000,,1530000000000,,1460000000000,-275960000000,1190000000000,14030000000.0,,,2023-12-31,BBTN.JK,438750000000000.0,,,,408270000000000.0,,30480000000000.0,30480000000000.0,51430000000000.0,50830000000000,1569999999999.0,-251560000000.0
8420000000000,,1140000000000,,1130000000000,-270899999999,860190000000,14030000000.0,,,2024-03-31,BBTN.JK,454020000000000.0,,,,423450000000000.0,,30570000000000.0,30570000000000.0,57190000000000.0,37930000000000,437930000000.0,138580000000.0
8020000000000,,751210000000,,746040000000,-104370000000,641670000000,14030000000.0,,,2024-06-30,BBTN.JK,455600000000000.0,,,,424570000000000.0,,31030000000000.0,31030000000000.0,52520000000000.0,29550000000000,554410000000.0,269790000000.0
29070000000,,11320000000,,9690000000,-2920000000,6760000000,1440000000.0,19960000000.0,11320000000,2022-12-31,ROCK.JK,1040000000000.0,47690000000.0,47690000000.0,,267860000000.0,,768430000000.0,768520000000.0,66069999999.0,,20120000000.0,19210000000.0
26220000000,,9300000000,,7240000000,-2800000000,4440000000,1440000000.0,17930000000.0,9300000000,2023-03-31,ROCK.JK,1040000000000.0,59880000000.0,59880000000.0,,266040000000.0,,772870000000.0,772950000000.0,61070000000.0,,13850000000.0,13850000000.0
24400000000,,1620000000,,-473440000,-2490000000,-2960000000,1440000000.0,10210000000.0,1620000000,2023-06-30,ROCK.JK,1040000000000.0,63440000000.0,63440000000.0,,268279999999.0,,769900000000.0,769990000000.0,56040000000.0,,9090000000.0,9090000000.0
27740000000,,10430000000,,9840000000,-2450000000,7390000000,1440000000.0,19010000000.0,10430000000,2023-09-30,ROCK.JK,993410000000.0,21830000000.0,21830000000.0,,216110000000.0,,777300000000.0,777380000000.0,51010000000.0,,13390000000.0,13350000000.0
28560000000,,6540000000,,5870000000,-3020000000,2850000000,1470000000.0,15190000000.0,6540000000,2023-12-31,ROCK.JK,979580000000.0,20960000000.0,20960000000.0,,187480000000.0,,792100000000.0,792190000000.0,119260000000.0,,18370000000.0,18090000000.0
30740000000,,13940000000,,13350000000,-2630000000,10720000000,1440000000.0,22730000000.0,13940000000,2024-03-31,ROCK.JK,971230000000.0,15220000000.0,15220000000.0,,168410000000.0,,802820000000.0,802910000000.0,101040000000.0,,12740000000.0,12500000000.0
29830000000,,10930000000,,10260000000,-2610000000,7650000000,1440000000.0,19750000000.0,10930000000,2024-06-30,ROCK.JK,968230000000.0,20170000000.0,20170000000.0,,157760000000.0,,810470000000.0,810560000000.0,95860000000.0,,10210000000.0,10140000000.0
212850000000,,6330000000,,6260000000,-3310000000,2950000000,14580000000.0,,,2022-12-31,DNAR.JK,10180000000000.0,,,,6630000000000.0,,3550000000000.0,3550000000000.0,1110000000000.0,607480000000,64230000000.0,62830000000.0
230440000000,,4950000000,,5010000000,0,5010000000,17040000000.0,,,2023-03-31,DNAR.JK,10460000000000.0,,,,6900000000000.0,,3560000000000.0,3560000000000.0,971750000000.0,606920000000,91240000000.0,90840000000.0
240820000000,,8950000000,,8950000000,-2500000000,6450000000,16890000000.0,,,2023-06-30,DNAR.JK,10690000000000.0,,,,7120000000000.0,,3560000000000.0,3560000000000.0,984580000000.0,344110000000,43720000000.0,42750000000.0
264870000000,,13210000000,,13220000000,-4000000000,9220000000,16890000000.0,,,2023-09-30,DNAR.JK,10980000000000.0,,,,7400000000000.0,,3570000000000.0,3570000000000.0,1100000000000.0,567930000000,121680000000.0,104790000000.0
270970000000,,10060000000,,9900000000,-1920000000,7980000000,16890000000.0,,,2023-12-31,DNAR.JK,11080000000000.0,,,,7490000000000.0,,3580000000000.0,3580000000000.0,1300000000000.0,579960000000,86050000000.0,80530000000.0
248530000000,,5850000000,,5810000000,-1500000000,4310000000,16890000000.0,,,2024-03-31,DNAR.JK,10670000000000.0,,,,7090000000000.0,,3580000000000.0,3580000000000.0,1260000000000.0,361850000000,71550000000.0,
262510000000,,15880000000,,15970000000,-3000000000,12970000000,16890000000.0,,,2024-06-30,DNAR.JK,11450000000000.0,,,,7850000000000.0,,3600000000000.0,3600000000000.0,1370000000000.0,510960000000,79400000000.0,
3900000000000,,773360000000,,880430000000,-114180000000,626170000000,24080000000.0,,,2022-12-31,PNBN.JK,212430000000000.0,,,,161720000000000.0,,50720000000000.0,47400000000000.0,15610000000000.0,9770000000000,7760000000000.0,7730000000000.0
4080000000000,,810230000000,,828150000000,-168360000000,589520000000,24090000000.0,,,2023-03-31,PNBN.JK,206610000000000.0,,,,155210000000000.0,,51400000000000.0,48030000000000.0,6900000000000.0,8529999999999,669510000000.0,649700000000.0
3950000000000,,1770000000000,,1800000000000,-358610000000,1150000000000,24080000000.0,,,2023-06-30,PNBN.JK,208220000000000.0,,,,155220000000000.0,,53000000000000.0,49510000000000.0,5980000000000.0,9730000000000,4410000000000.0,4340000000000.0
3910000000000,,873110000000,,921790000000,-188010000000,676040000000,24080000000.0,,,2023-09-30,PNBN.JK,211410000000000.0,,,,157990000000000.0,,53420000000000.0,49880000000000.0,8850000000000.0,9560000000000,664510000000.0,618680000000.0
3920000000000,,174840000000,,227780000000,-55210000000,116260000000,24080000000.0,,,2023-12-31,PNBN.JK,222010000000000.0,,,,168700000000000.0,,53310000000000.0,49700000000000.0,18690000000000.0,11040000000000,-47090000000.0,-78920000000.0
4320000000000,,1000000000000,,932160000000,-191960000000,687210000000,24090000000.0,,,2024-03-31,PNBN.JK,222000000000000.0,,,,167960000000000.0,,54040000000000.0,50380000000000.0,20360000000000.0,8670000000000,1350000000000.0,1290000000000.0
4070000000000,,677840000000,,782960000000,-158090000000,589010000000,24080000000.0,,,2024-06-30,PNBN.JK,219220000000000.0,,,,164720000000000.0,,54500000000000.0,50800000000000.0,15670000000000.0,7230000000000,1690000000000.0,1589999999999.0
156650000000,75010000000,68590000000,-22810000000.0,40470000000,4269999999,45850000000,2069999999.0,84760000000.0,68590000000,2022-12-31,WIFI.JK,1410000000000.0,20930000000.0,20930000000.0,1190000000000.0,795010000000.0,131020000000.0,612730000000.0,610320000000.0,660270000000.0,,99870000000.0,-69960000000.0
121900000000,39290000000,29830000000,-9500000000.0,20340000000,0,20060000000,2260000000.0,55260000000.0,29830000000,2023-03-31,WIFI.JK,1430000000000.0,7160000000.0,7160000000.0,1230000000000.0,798310000000.0,155930000000.0,633070000000.0,630380000000.0,647070000000.0,,63390000000.0,-627630000.0
98620000000,39250000000,31320000000,-25490000000.0,7030000000,-18190000000,-10640000000,2260000000.0,63010000000.0,31320000000,2023-06-30,WIFI.JK,1450000000000.0,9100000000.0,9100000000.0,1140000000000.0,831350000000.0,207290000000.0,622170000000.0,620010000000.0,650210000000.0,,-39210000000.0,-105900000000.0
157570000000,32049999999,24100000000,-10910000000.0,13540000000,1010000000,14100000000,2260000000.0,45230000000.0,24100000000,2023-09-30,WIFI.JK,1530000000000.0,17710000000.0,17710000000.0,1080000000000.0,893190000000.0,253170000000.0,636740000000.0,634130000000.0,659100000000.0,,-59680000000.0,-26910000000.0
61240000000,54280000000,38470000000,-12010000000.0,26670000000,7860000000,35020000000,2260000000.0,,38470000000,2023-12-31,WIFI.JK,1560000000000.0,40070000000.0,40070000000.0,1300000000000.0,821580000000.0,222840000000.0,742650000000.0,740560000000.0,607210000000.0,,260320000000.0,33060000000.0
139780000000,75140000000,64280000000,-19270000000.0,45050000000,-15760000000,29390000000,2320000000.0,99360000000.0,64280000000,2024-03-31,WIFI.JK,2020000000000.0,35770000000.0,35770000000.0,1710000000000.0,1250000000000.0,289480000000.0,772990000000.0,771010000000.0,676910000000.0,,-159160000000.0,-409160000000.0
169220000000,96230000000,84110000000,-21050000000.0,63130000000,-2580000000,60470000000,2360000000.0,114420000000.0,84110000000,2024-06-30,WIFI.JK,2140000000000.0,53400000000.0,53400000000.0,1730000000000.0,1300000000000.0,386950000000.0,833530000000.0,831480000000.0,721270000000.0,,233640000000.0,-14870000000.0
60430000000,8070000000,3860000000,-1260000000.0,2250000000,1430000000,3680000000,1080000000.0,4720000000.0,3860000000,2022-12-31,AMIN.JK,323050000000.0,11980000000.0,11980000000.0,103510000000.0,168880000000.0,156570000000.0,154170000000.0,154170000000.0,43650000000.0,,20830000000.0,19950000000.0
72370000000,9760000000,6120000000,-1160000000.0,4700000000,0,4700000000,1080000000.0,6950000000.0,6120000000,2023-03-31,AMIN.JK,335400000000.0,18940000000.0,18940000000.0,103160000000.0,176530000000.0,163950000000.0,158870000000.0,158870000000.0,54210000000.0,,-3130000000.0,-3410000000.0
74290000000,11010000000,5250000000,-1380000000.0,4170000000,0,4170000000,1080000000.0,6080000000.0,5250000000,2023-06-30,AMIN.JK,339650000000.0,11910000000.0,11910000000.0,102450000000.0,176610000000.0,163860000000.0,163040000000.0,163040000000.0,44730000000.0,,2310000000.0,2180000000.0
83350000000,10170000000,6010000000,-1190000000.0,5270000000,0,5270000000,1080000000.0,6840000000.0,6010000000,2023-09-30,AMIN.JK,355040000000.0,19080000000.0,19080000000.0,102390000000.0,186720000000.0,174280000000.0,168310000000.0,168310000000.0,52100000000.0,,-100790000.0,-928660000.0
106780000000,11800000000,3300000000,-1050000000.0,1090000000,227190000,1320000000,1080000000.0,4179999999.0,3300000000,2023-12-31,AMIN.JK,349830000000.0,8750000000.0,8750000000.0,102470000000.0,180750000000.0,167930000000.0,169090000000.0,169090000000.0,56050000000.0,,-14920000000.0,-13700000000.0
76240000000,9360000000,5510000000,-1230000000.0,4760000000,0,4760000000,1080000000.0,6400000000.0,5510000000,2024-03-31,AMIN.JK,343670000000.0,3950000000.0,3950000000.0,102470000000.0,169830000000.0,156710000000.0,173840000000.0,173840000000.0,50950000000.0,,996910000.0,109400000.0
90420000000,11460000000,6070000000,-1190000000.0,5180000000,0,5180000000,1080000000.0,6960000000.0,6070000000,2024-06-30,AMIN.JK,336800000000.0,12360000000.0,12360000000.0,101990000000.0,163180000000.0,149910000000.0,173620000000.0,173620000000.0,49100000000.0,,10520000000.0,10280000000.0
4019999999999,,-288520000000,,-280400000000,53470000000,-229720000000,36180000000.0,,,2022-12-31,BNLI.JK,255120000000000.0,,,,217510000000000.0,,37620000000000.0,37620000000000.0,13820000000000.0,54470000000000,6630000000000.0,6590000000000.0
4430000000000,,972880000000,,979720000000,-220970000000,755950000000,36180000000.0,,,2023-03-31,BNLI.JK,252690000000000.0,,,,214270000000000.0,,38420000000000.0,38420000000000.0,13140000000000.0,47340000000000,1710000000000.0,1700000000000.0
4490000000000,,839290000000,,844450000000,-191100000000,650670000000,36180000000.0,,,2023-06-30,BNLI.JK,251480000000000.0,,,,212870000000000.0,,38620000000000.0,38620000000000.0,16879999999999.0,30990000000000,1230000000000.0,1210000000000.0
4610000000000,,967180000000,,958030000000,-216280000000,733910000000,36180000000.0,,,2023-09-30,BNLI.JK,251940000000000.0,,,,212720000000000.0,,39220000000000.0,39220000000000.0,19950000000000.0,27130000000000,1110000000000.0,1080000000000.0
4620000000000,,614430000000,,595230000000,-136550000000,444700000000,36180000000.0,,,2023-12-31,BNLI.JK,257480000000000.0,,,,217480000000000.0,,39990000000000.0,39990000000000.0,18150000000000.0,31440000000000,1850000000000.0,1760000000000.0
4650000000000,,1050000000000,,1060000000000,-238330000000,807310000000,36180000000.0,,,2024-03-31,BNLI.JK,252970000000000.0,,,,212160000000000.0,,40810000000000.0,40810000000000.0,21010000000000.0,14200000000000,1640000000000.0,1620000000000.0
4640000000000,,963650000000,,948150000000,-214430000000,722270000000,36180000000.0,,,2024-06-30,BNLI.JK,258480000000000.0,,,,217980000000000.0,,40490000000000.0,40490000000000.0,14400000000000.0,22780000000000,958990000000.0,898620000000.0
522159999999,62360000000,41340000000,-8890000000.0,33310000000,-7770000000,25540000000,1290000000.0,48570000000.0,41340000000,2022-12-31,ERTX.JK,1240000000000.0,17580000000.0,17580000000.0,543000000000.0,872220000000.0,589270000000.0,365980000000.0,365960000000.0,653350000000.0,,-19500000000.0,-27750000000.0
489180000000,52180000000,31660000000,-10290000000.0,20640000000,-3100000000,17540000000,1290000000.0,39080000000.0,31660000000,2023-03-31,ERTX.JK,1210000000000.0,40460000000.0,40460000000.0,522809999999.0,837910000000.0,564470000000.0,369790000000.0,369780000000.0,643620000000.0,,16170000000.0,9340000000.0
427830000000,43980000000,21530000000,-10120000000.0,13740000000,-2390000000,11350000000,1290000000.0,28950000000.0,21530000000,2023-06-30,ERTX.JK,1130000000000.0,54010000000.0,54010000000.0,527659999999.0,763170000000.0,464940000000.0,366200000000.0,366180000000.0,558510000000.0,,113860000000.0,101660000000.0
400730000000,35420000000,22490000000,-10770000000.0,4630000000,10760000,4640000000,1290000000.0,30160000000.0,22490000000,2023-09-30,ERTX.JK,1230000000000.0,59430000000.0,59430000000.0,548030000000.0,852010000000.0,532350000000.0,382210000000.0,382190000000.0,664050000000.0,,-56970000000.0,-69580000000.0
522490000000,48020000000,19790000000,-11630000000.0,11540000000,-3580000000,7960000000,1290000000.0,27800000000.0,19790000000,2023-12-31,ERTX.JK,1240000000000.0,53410000000.0,53410000000.0,553390000000.0,855180000000.0,538100000000.0,386040000000.0,386030000000.0,622530000000.0,,46220000000.0,32600000000.0
468440000000,43420000000,21560000000,-11040000000.0,9370000000,-1480000000,7880000000,1290000000.0,29700000000.0,21560000000,2024-03-31,ERTX.JK,1240000000000.0,94360000000.0,94360000000.0,566830000000.0,833630000000.0,516409999999.0,405510000000.0,405490000000.0,610100000000.0,,76090000000.0,69420000000.0
374810000000,29190000000,11540000000,-15430000000.0,-3590000000,-32040000,-3630000000,1290000000.0,20090000000.0,11540000000,2024-06-30,ERTX.JK,1210000000000.0,41640000000.0,41640000000.0,590600000000.0,795750000000.0,470880000000.0,415130000000.0,415110000000.0,608410000000.0,,-18130000000.0,-32290000000.0
5560000000,3380000000,478740000,-11960000.0,475310000,-351700000,123580000,3440000000.0,855300000.0,478740000,2022-12-31,AWAN.JK,24610000000.0,7510000000.0,7510000000.0,9010000000.0,3860000000.0,2260000000.0,20750000000.0,20750000000.0,1010000000.0,,,
5430000000,2680000000,132990000,-4530000.0,150310000,-131430000,18960000,2690000000.0,387090000.0,132990000,2023-03-31,AWAN.JK,,,,,,,,,,,-11000000000.0,-11210000000.0
6370000000,2330000000,-2400000000,-61050000.0,-2380000000,91160000,-2290000000,3440000000.0,-1250000000.0,-2400000000,2023-06-30,AWAN.JK,93390000000.0,54260000000.0,54260000000.0,19970000000.0,4980000000.0,2350000000.0,88410000000.0,88410000000.0,2410000000.0,,2510000000.0,-4750000000.0
11360000000,7120000000,2700000000,-157070000.0,3050000000,-459060000,2600000000,3440000000.0,4350000000.0,2700000000,2023-09-30,AWAN.JK,96220000000.0,43190000000.0,43190000000.0,24260000000.0,5220000000.0,2670000000.0,91000000000.0,91000000000.0,1760000000.0,,-8660000000.0,-12910000000.0
8630000000,6600000000,341500000,-203720000.0,927570000,-630710000,296720000,3440000000.0,1010000000.0,341500000,2023-12-31,AWAN.JK,97710000000.0,29450000000.0,29450000000.0,46240000000.0,6400000000.0,3480000000.0,91320000000.0,91320000000.0,1110000000.0,,2920000000.0,-8760000000.0
11580000000,6170000000,1480000000,-99420000.0,2089999999,-515860000,1580000000,3440000000.0,3360000000.0,1480000000,2024-03-31,AWAN.JK,98980000000.0,22560000000.0,22560000000.0,44720000000.0,5800000000.0,2960000000.0,93190000000.0,92900000000.0,1030000000.0,,-4630000000.0,-4650000000.0
11000000000,6450000000,216200000,-59080000.0,332190000,-215450000,154660000,3440000000.0,1470000000.0,216200000,2024-06-30,AWAN.JK,98420000000.0,19610000000.0,19610000000.0,44000000000.0,5120000000.0,1800000000.0,93300000000.0,93050000000.0,955240000.0,,-2450000000.0,-2840000000.0
349510000000,,169440000000,,169680000000,-37170000000,132520000000,4030000000.0,,,2022-12-31,BBMD.JK,16579999999999.0,,,,12030000000000.0,,4550000000000.0,4550000000000.0,747530000000.0,1300000000000,-587490000000.0,-613660000000.0
331610000000,,129550000000,,130430000000,-28690000000,101730000000,4030000000.0,,,2023-03-31,BBMD.JK,16489999999999.0,,,,11780000000000.0,,4710000000000.0,4710000000000.0,373760000000.0,1450000000000,-25550000000.0,-33600000000.0
333340000000,,103150000000,,103750000000,-22830000000,80930000000,4030000000.0,,,2023-06-30,BBMD.JK,16329999999999.0,,,,11430000000000.0,,4900000000000.0,4900000000000.0,18220000000.0,804680000000,939190000000.0,932560000000.0
322810000000,,146850000000,,146500000000,-32229999999,114270000000,4030000000.0,,,2023-09-30,BBMD.JK,16500000000000.0,,,,11740000000000.0,,4760000000000.0,4760000000000.0,217620000000.0,1340000000000,-477540000000.0,-485330000000.0
330630000000,,154220000000,,154430000000,-34229999999,120200000000,4030000000.0,,,2023-12-31,BBMD.JK,16050000000000.0,,,,11150000000000.0,,4900000000000.0,4900000000000.0,13410000000.0,950410000000,-44590000000.0,-84820000000.0
319760000000,,110590000000,,110680000000,-24350000000,86330000000,4030000000.0,,,2024-03-31,BBMD.JK,16110000000000.0,,,,11140000000000.0,,4960000000000.0,4960000000000.0,5310000000.0,989610000000,66599999999.0,61490000000.0
314240000000,,97500000000,,98270000000,-21620000000,76650000000,4030000000.0,,,2024-06-30,BBMD.JK,16110000000000.0,,,,11260000000000.0,,4850000000000.0,4850000000000.0,242210000000.0,560240000000,173190000000.0,167630000000.0
4240000000,103430000,-4320000000,-506000.0,-4400000000,-23860000,-4430000000,600000000.0,-3719999999.0,-4320000000,2022-12-31,PKPK.JK,71630000000.0,1460000000.0,1460000000.0,40070000000.0,60980000000.0,38080000000.0,10650000000.0,10650000000.0,24090000000.0,,271290000.0,271290000.0
22680000000,1000000000,-1839999999,-292000.0,-1839999999,0,-1839999999,600000000.0,-1230000000.0,-1839999999,2023-03-31,PKPK.JK,79400000000.0,551500000.0,551500000.0,39460000000.0,70590000000.0,47690000000.0,8820000000.0,8820000000.0,24090000000.0,,-903690000.0,-903690000.0
6250000000,2150000000,-514650000,-629000.0,-514110000,0,-514110000,600000000.0,91520000.0,-514650000,2023-06-30,PKPK.JK,76710000000.0,267690000.0,267690000.0,38860000000.0,68400000000.0,45340000000.0,8300000000.0,8300000000.0,22090000000.0,,1720000000.0,1720000000.0
16520000000,-21270000,-4160000000,-1020000.0,-3620000000,0,-3620000000,947090000.0,-3550000000.0,-4160000000,2023-09-30,PKPK.JK,252070000000.0,207740000000.0,207740000000.0,38250000000.0,8670000000.0,7020000000.0,243400000000.0,243400000000.0,0.0,,-9990000000.0,-9990000000.0
12370000000,1950000000,-1990000000,-630000.0,-141470000,0,-141470000,1200000000.0,-1380000000.0,-1990000000,2023-12-31,PKPK.JK,251200000000.0,203190000000.0,203190000000.0,38090000000.0,7840000000.0,6090000000.0,243360000000.0,243360000000.0,0.0,,-5000000000.0,-5000000000.0
5910000000,1210000000,-4080000000,-563000.0,-3719999999,0,-3060000000,1200000000.0,-3460000000.0,-4080000000,2024-03-31,PKPK.JK,295460000000.0,31250000000.0,31250000000.0,257410000000.0,59140000000.0,57390000000.0,236330000000.0,210570000000.0,51500000000.0,,-625140000.0,-8160000000.0
11440000000,2600000000,930210000,-621000.0,-13960000000,0,-14410000000,1200000000.0,1290000000.0,930210000,2024-06-30,PKPK.JK,327000000000.0,30860000000.0,30860000000.0,265440000000.0,104630000000.0,102880000000.0,222370000000.0,196160000000.0,71500000000.0,,-1420000000.0,-42410000000.0
15560000000,531880000,-314800000,-445220000.0,-738380000,-215660000,-954030000,1110000000.0,155690000.0,-314800000,2022-12-31,ESIP.JK,98500000000.0,2100000000.0,2100000000.0,63030000000.0,3220000000.0,2290000000.0,95280000000.0,95280000000.0,1609999999.0,,7230000000.0,2160000000.0
14570000000,811780000,199880000,-60680000.0,144190000,-86180,144110000,1110000000.0,577080000.0,199880000,2023-03-31,ESIP.JK,97890000000.0,853780000.0,853780000.0,62680000000.0,2469999999.0,1750000000.0,95430000000.0,95430000000.0,1260000000.0,,-865240000.0,-878810000.0
13950000000,865160000,189500000,-52100000.0,139020000,-43200000,95820000,1110000000.0,603350000.0,189500000,2023-06-30,ESIP.JK,97430000000.0,1130000000.0,1130000000.0,62340000000.0,1900000000.0,1370000000.0,95520000000.0,95520000000.0,771230000.0,,843340000.0,775870000.0
15860000000,1120000000,334340000,-40210000.0,416170000,-46850000,369320000,1110000000.0,769770000.0,334340000,2023-09-30,ESIP.JK,97600000000.0,1910000000.0,1910000000.0,62420000000.0,1710000000.0,1250000000.0,95890000000.0,95890000000.0,487010000.0,,1580000000.0,1040000000.0
17700000000,944890000,473940000,-39180000.0,315370000,-47100000,268279999,1110000000.0,936760000.0,473940000,2023-12-31,ESIP.JK,100610000000.0,3570000000.0,3570000000.0,63260000000.0,4300000000.0,3440000000.0,96320000000.0,96320000000.0,1440000000.0,,1990000000.0,1140000000.0
14250000000,876980000,317710000,-39920000.0,287870000,-34000000,253870000,1110000000.0,785670000.0,317710000,2024-03-31,ESIP.JK,99220000000.0,1280000000.0,1280000000.0,62810000000.0,2650000000.0,1520000000.0,96570000000.0,96570000000.0,1240000000.0,,-2069999999.0,-2089999999.0
15330000000,1050000000,328870000,-33430000.0,300790000,-30010000,270780000,1110000000.0,792850000.0,328870000,2024-06-30,ESIP.JK,99940000000.0,1760000000.0,1760000000.0,62610000000.0,3100000000.0,2440000000.0,96840000000.0,96840000000.0,956670000.0,,1020000000.0,762380000.0
72350000000,12690000000,6410000000,-6960000000.0,-1080000000,-1190000000,-2230000000,1440000000.0,7250000000.0,6410000000,2022-12-31,INCF.JK,464410000000.0,9150000000.0,9150000000.0,128949999999.0,318960000000.0,308780000000.0,145450000000.0,144260000000.0,304600000000.0,,15260000000.0,15250000000.0
63330000000,11300000000,8380000000,-6910000000.0,1470000000,0,1450000000,1440000000.0,8930000000.0,8380000000,2023-03-31,INCF.JK,462430000000.0,10830000000.0,10830000000.0,128400000000.0,315510000000.0,305340000000.0,146920000000.0,145710000000.0,300330000000.0,,5950000000.0,
69780000000,12270000000,8400000000,-6710000000.0,1750000000,0,1730000000,1440000000.0,8980000000.0,8400000000,2023-06-30,INCF.JK,452950000000.0,16120000000.0,16120000000.0,127820000000.0,304290000000.0,294110000000.0,148660000000.0,147440000000.0,290980000000.0,,14630000000.0,
31290000000,9130000000,6810000000,-6500000000.0,162040000,0,156850000,1440000000.0,7340000000.0,6810000000,2023-09-30,INCF.JK,452360000000.0,7440000000.0,7440000000.0,127300000000.0,303540000000.0,293360000000.0,148830000000.0,147590000000.0,287060000000.0,,-5980000000.0,-5980000000.0
37850000000,4360000000,4960000000,-6310000000.0,-1240000000,-1359999999,-2550000000,1440000000.0,5400000000.0,4960000000,2023-12-31,INCF.JK,446240000000.0,8800000000.0,8800000000.0,126110000000.0,299270000000.0,289350000000.0,146980000000.0,145810000000.0,283060000000.0,,6580000000.0,6580000000.0
46050000000,9500000000,7140000000,-6230000000.0,921710000,0,910950000,1440000000.0,7630000000.0,7140000000,2024-03-31,INCF.JK,443510000000.0,10320000000.0,10320000000.0,125620000000.0,295610000000.0,285690000000.0,147900000000.0,146720000000.0,279030000000.0,,5560000000.0,5560000000.0
63330000000,9680000000,7190000000,-6260000000.0,663010000,0,647930000,1440000000.0,7660000000.0,7190000000,2024-06-30,INCF.JK,439140000000.0,10170000000.0,10170000000.0,166990000000.0,290580000000.0,280660000000.0,148560000000.0,147370000000.0,277360000000.0,,1520000000.0,1520000000.0
5470000000000,,1130000000000,,1030000000000,-225200000000,776900000000,9770000000.0,,,2022-12-31,BDMN.JK,197730000000000.0,,,,150250000000000.0,,47480000000000.0,46840000000000.0,12550000000000.0,17410000000000,-50170000000.0,-217500000000.0
5770000000000,,1090000000000,,1100000000000,-245070000000,818130000000,9770000000.0,,,2023-03-31,BDMN.JK,203520000000000.0,,,,156340000000000.0,,47180000000000.0,46510000000000.0,17860000000000.0,18710000000000,-7500000000000.0,-7590000000000.0
5930000000000,,934150000000,,932470000000,-215070000000,689540000000,9770000000.0,,,2023-06-30,BDMN.JK,203930000000000.0,,,,155960000000000.0,,47970000000000.0,47330000000000.0,16430000000000.0,8150000000000,3860000000000.0,3719999999999.0
6090000000000,,1359999999999,,1380000000000,-289230000000,1050000000000,9770000000.0,,,2023-09-30,BDMN.JK,208280000000000.0,,,,159310000000000.0,,48970000000000.0,48290000000000.0,16450000000000.0,12260000000000,957300000000.0,802730000000.0
6730000000000,,1270000000000,,1270000000000,-286320000000,942960000000,9770000000.0,,,2023-12-31,BDMN.JK,221300000000000.0,,,,171350000000000.0,,49960000000000.0,49240000000000.0,18450000000000.0,16430000000000,-816750000000.0,-1120000000000.0
6560000000000,,1100000000000,,1100000000000,-237770000000,831250000000,9770000000.0,,,2024-03-31,BDMN.JK,226560000000000.0,,,,177060000000000.0,,49500000000000.0,48820000000000.0,21070000000000.0,8920000000000,-2120000000000.0,-2360000000000.0
6860000000000,,824930000000,,822010000000,-180970000000,623620000000,9770000000.0,,,2024-06-30,BDMN.JK,231920000000000.0,,,,181870000000000.0,,50050000000000.0,49340000000000.0,25210000000000.0,9130000000000,2930000000000.0,2700000000000.0
0,-666690000,-1340000000,0.0,-1160000000,93810000,-1060000000,1000000000.0,-675910000.0,-1340000000,2022-12-31,LCKM.JK,145560000000.0,9300000000.0,9300000000.0,8870000000.0,9890000000.0,9410000000.0,135669999999.0,135669999999.0,0.0,,-1780000000.0,-1780000000.0
12360000000,732330000,143200000,0.0,143200000,0,143200000,1000000000.0,809890000.0,143200000,2023-03-31,LCKM.JK,143840000000.0,18340000000.0,18340000000.0,8199999999.0,8029999999.0,7550000000.0,135810000000.0,135810000000.0,0.0,,9040000000.0,9040000000.0
1210000000,422330000,27240000,0.0,27240000,-37500000,-10250000,1000000000.0,693930000.0,27240000,2023-06-30,LCKM.JK,141890000000.0,8350000000.0,8350000000.0,8630000000.0,6090000000.0,5610000000.0,135800000000.0,135800000000.0,0.0,,-8900000000.0,-10000000000.0
1130000000,224750000,39230000,0.0,39230000,0,39230000,1000000000.0,705930000.0,39230000,2023-09-30,LCKM.JK,142030000000.0,7300000000.0,7300000000.0,7970000000.0,6190000000.0,5710000000.0,135840000000.0,135840000000.0,0.0,,-1040000000.0,-1040000000.0
0,0,-83870000,0.0,-107660000,6950000,-100710000,1000000000.0,,-83870000,2023-12-31,LCKM.JK,141370000000.0,7560000000.0,7560000000.0,7190000000.0,5280000000.0,5280000000.0,136090000000.0,136090000000.0,0.0,,256959999.0,256959999.0
300770000,-698540000,-1910000000,0.0,-1850000000,0,-1850000000,1000000000.0,-1410000000.0,-1910000000,2024-03-31,LCKM.JK,139240000000.0,6400000000.0,6400000000.0,6700000000.0,5000000000.0,5000000000.0,134240000000.0,134240000000.0,0.0,,-1150000000.0,-1160000000.0
1030000000,130389999,-987920000,0.0,-953180000,0,-953180000,1000000000.0,-467210000.0,-987920000,2024-06-30,LCKM.JK,137790000000.0,4410000000.0,4410000000.0,6200000000.0,4500000000.0,4500000000.0,133289999999.0,133289999999.0,0.0,,31570000000.0,31570000000.0
,,,,,,,,,,2022-09-30,PGJO.JK,,,,,,,,,,,,
,,,,,,,,,,2022-12-31,PGJO.JK,,,,,,,,,,,,
,,,,,,,,,,2023-03-31,PGJO.JK,,,,,,,,,,,,
,,,,,,,,,,2023-06-30,PGJO.JK,,,,,,,,,,,,
,,,,,,,,,,2023-09-30,PGJO.JK,,,,,,,,,,,,
,,,,,,,,,,2023-12-31,PGJO.JK,,,,,,,,,,,,
,,,,,,,,,,2024-03-31,PGJO.JK,,,,,,,,,,,,
25460000000,,355420000,0.0,782480000,-399950000,382530000,1400000000.0,,,2022-12-31,ASJT.JK,414900000000.0,,9790000000.0,,97060000000.0,,317840000000.0,317840000000.0,461470000.0,,3610000000.0,3030000000.0
34830000000,,599410000,,238130000,-52390000,185740000,900270000.0,,,2023-03-31,ASJT.JK,448900000000.0,,12680000000.0,,129669999999.0,,319230000000.0,319230000000.0,461470000.0,,13680000000.0,13550000000.0
31600000000,,-110370000,,-99300000,21850000,-77450000,900270000.0,,,2023-06-30,ASJT.JK,451440000000.0,,10580000000.0,,130259999999.0,,321180000000.0,321180000000.0,461470000.0,,-7270000000.0,-7500000000.0
27220000000,,-290450000,0.0,119710000,-26340000,93370000,1400000000.0,,,2023-09-30,ASJT.JK,430540000000.0,,10320000000.0,,111050000000.0,,319490000000.0,319490000000.0,461470000.0,,-4130000000.0,-4520000000.0
32640000000,,4970000000,0.0,4560000000,-741300000,3820000000,1400000000.0,,,2023-12-31,ASJT.JK,429120000000.0,,9960000000.0,,104740000000.0,,324370000000.0,324370000000.0,0.0,,5510000000.0,4310000000.0
38540000000,,264750000,0.0,1040000000,-228240000,809200000,1400000000.0,,,2024-03-31,ASJT.JK,484760000000.0,,11760000000.0,,160300000000.0,,324460000000.0,324460000000.0,0.0,,1050000000.0,-280600000.0
34350000000,,-1550000000,0.0,-789020000,173580000,-615430000,1400000000.0,,,2024-06-30,ASJT.JK,475460000000.0,,9130000000.0,,153020000000.0,,322440000000.0,322440000000.0,0.0,,12270000000.0,11890000000.0
417470000000,,26310000000,,18260000000,-4210000000,14050000000,,,,2022-12-31,BACA.JK,20630000000000.0,,,,17340000000000.0,,3290000000000.0,3290000000000.0,3070000000000.0,3719999999999,-332950000000.0,-329160000000.0
396450000000,,10450000000,,8130000000,-1790000000,6340000000,19950000000.0,,,2023-03-31,BACA.JK,21370000000000.0,,,,18070000000000.0,,3300000000000.0,3300000000000.0,2450000000000.0,3990000000000,-52910000000.0,-57490000000.0
449100000000,,19860000000,,18470000000,-4059999999,14410000000,19950000000.0,,,2023-06-30,BACA.JK,21390000000000.0,,,,18070000000000.0,,3310000000000.0,3310000000000.0,1170000000000.0,3900000000000,3200000000000.0,3180000000000.0
478530000000,,43520000000,,37850000000,-8330000000,29520000000,,,,2023-09-30,BACA.JK,20200000000000.0,,,,16840000000000.0,,3360000000000.0,3360000000000.0,1010000000000.0,3140000000000,-484430000000.0,-485100000000.0
487780000000,,74240000000,,66190000000,-14690000000,51490000000,,,,2023-12-31,BACA.JK,19260000000000.0,,,,15870000000000.0,,3390000000000.0,3390000000000.0,2940000000000.0,2170000000000,1830000000000.0,1839999999999.0
449470000000,,18600000000,,16170000000,-3560000000,12610000000,,,,2024-03-31,BACA.JK,19860000000000.0,,,,16440000000000.0,,3420000000000.0,3420000000000.0,1830000000000.0,2190000000000,-1130000000000.0,-1150000000000.0
486500000000,,34080000000,,32140000000,-7070000000,25070000000,,,,2024-06-30,BACA.JK,20380000000000.0,,,,16920000000000.0,,3450000000000.0,3450000000000.0,2340000000000.0,2250000000000,605490000000.0,573740000000.0
339650000000,34950000000,20800000000,-5480000000.0,17220000000,-3880000000,13000000000,1350000000.0,31600000000.0,20800000000,2022-12-31,TALF.JK,1800000000000.0,20310000000.0,18700000000.0,1180000000000.0,610880000000.0,365100000000.0,1190000000000.0,1150000000000.0,355010000000.0,,1780000000.0,-10310000000.0
332470000000,37780000000,20000000000,-5750000000.0,16920000000,-4680000000,11750000000,1350000000.0,30750000000.0,20000000000,2023-03-31,TALF.JK,1760000000000.0,47340000000.0,45730000000.0,1180000000000.0,559310000000.0,307920000000.0,1200000000000.0,1160000000000.0,334160000000.0,,49790000000.0,47960000000.0
288310000000,31290000000,9570000000,-6090000000.0,5190000000,-1690000000,3480000000,1350000000.0,20390000000.0,9570000000,2023-06-30,TALF.JK,1730000000000.0,38720000000.0,37110000000.0,1190000000000.0,536480000000.0,272790000000.0,1200000000000.0,1160000000000.0,319380000000.0,,30210000000.0,6710000000.0
330280000000,37800000000,17490000000,-5650000000.0,13390000000,-3780000000,9760000000,1350000000.0,28680000000.0,17490000000,2023-09-30,TALF.JK,1730000000000.0,50040000000.0,48430000000.0,1180000000000.0,523620000000.0,263149999999.0,1200000000000.0,1170000000000.0,293930000000.0,,49410000000.0,42110000000.0
311830000000,31470000000,13240000000,-2760000000.0,13190000000,-81780000,13100000000,1350000000.0,23060000000.0,13240000000,2023-12-31,TALF.JK,1730000000000.0,19260000000.0,16649999999.0,1200000000000.0,516520000000.0,263779999999.0,1220000000000.0,1180000000000.0,296290000000.0,,-12850000000.0,-34280000000.0
332830000000,33680000000,11730000000,-4570000000.0,10210000000,-2340000000,7360000000,1350000000.0,22510000000.0,11730000000,2024-03-31,TALF.JK,1770000000000.0,19250000000.0,16640000000.0,1220000000000.0,544440000000.0,274800000000.0,1230000000000.0,1190000000000.0,297160000000.0,,31110000000.0,-2340000000.0
304190000000,25430000000,3410000000,-5700000000.0,-218560000,67510000,-192830000,1350000000.0,14290000000.0,3410000000,2024-06-30,TALF.JK,1800000000000.0,31190000000.0,28580000000.0,1240000000000.0,588560000000.0,302980000000.0,1210000000000.0,1180000000000.0,327780000000.0,,22190000000.0,-19250000000.0
890260000000,,37370000000,-2969999999.0,68500000000,-31680000000,43830000000,3560000000.0,,,2022-09-30,TUGU.JK,14390000000000.0,,779290000000.0,,5330000000000.0,,9060000000000.0,8350000000000.0,189960000000.0,,593770000000.0,582760000000.0
920890000000,,99430000000,-3969999999.0,1170000000000,-244570000000,923390000000,3560000000.0,,,2023-03-31,TUGU.JK,16520000000000.0,,763960000000.0,,6430000000000.0,,10080000000000.0,9350000000000.0,186010000000.0,,1300000000000.0,1240000000000.0
976110000000,,129440000000,-3870000000.0,119610000000,-6650000000,110600000000,3560000000.0,,,2023-06-30,TUGU.JK,16969999999999.0,,410980000000.0,,6800000000000.0,,10160000000000.0,9440000000000.0,233220000000.0,,880440000000.0,788350000000.0
1040000000000,,175190000000,-4760000000.0,109880000000,-10350000000,90800000000,3560000000.0,,,2023-09-30,TUGU.JK,16850000000000.0,,489960000000.0,,6700000000000.0,,10160000000000.0,9430000000000.0,258500000000.0,,496310000000.0,416940000000.0
1050000000000,,45500000000,-8070000000.0,181970000000,-16500000000,197600000000,3560000000.0,,,2023-12-31,TUGU.JK,17870000000000.0,,684130000000.0,,7590000000000.0,,10280000000000.0,9580000000000.0,347860000000.0,,-66629999999.0,-203610000000.0
1230000000000,,231520000000,-5750000000.0,283540000000,-41880000000,198760000000,3560000000.0,,,2024-03-31,TUGU.JK,18160000000000.0,,851100000000.0,,7640000000000.0,,10510000000000.0,9780000000000.0,434450000000.0,,655680000000.0,515020000000.0
1330000000000,,213780000000,-6610000000.0,260160000000,-49570000000,240010000000,3560000000.0,,,2024-06-30,TUGU.JK,19490000000000.0,,896340000000.0,,9290000000000.0,,10200000000000.0,9500000000000.0,475270000000.0,,-76790000000.0,-174620000000.0
81350000000,27290000000,21960000000,-1560000000.0,20990000000,14340000,21000000000,878190000.0,29230000000.0,21960000000,2022-09-30,PTPW.JK,618010000000.0,79680000000.0,79680000000.0,244100000000.0,113970000000.0,103230000000.0,504040000000.0,504040000000.0,39070000000.0,,24790000000.0,9940000000.0
56310000000,16649999999,10970000000,-1700000000.0,10080000000,3540000,10080000000,878190000.0,18360000000.0,10970000000,2022-12-31,PTPW.JK,584470000000.0,79550000000.0,79550000000.0,244550000000.0,70280000000.0,58130000000.0,514179999999.0,514140000000.0,21790000000.0,,29210000000.0,27010000000.0
100410000000,23710000000,17630000000,-2190000000.0,15870000000,0,15870000000,878190000.0,25260000000.0,17630000000,2023-03-31,PTPW.JK,620150000000.0,88610000000.0,88610000000.0,256420000000.0,90100000000.0,79090000000.0,530049999999.0,530010000000.0,21800000000.0,,28010000000.0,10700000000.0
92360000000,34860000000,27770000000,-1300000000.0,26630000000,-503800,26650000000,878190000.0,36550000000.0,27770000000,2023-06-30,PTPW.JK,649070000000.0,93370000000.0,93370000000.0,271940000000.0,109390000000.0,91930000000.0,539679999999.0,539659999999.0,31960000000.0,,8860000000.0,-10670000000.0
75280000000,21340000000,18390000000,-2140000000.0,16780000000,0,16790000000,878190000.0,27650000000.0,18390000000,2023-09-30,PTPW.JK,643570000000.0,68900000000.0,68900000000.0,269829999999.0,87110000000.0,67930000000.0,556460000000.0,556450000000.0,31720000000.0,,1020000000.0,-13040000000.0
127460000000,49810000000,43190000000,-1630000000.0,43580000000,-32909999,43520000000,878190000.0,52800000000.0,43190000000,2023-12-31,PTPW.JK,700200000000.0,61940000000.0,61940000000.0,280210000000.0,99400000000.0,82700000000.0,600800000000.0,600760000000.0,29640000000.0,,20230000000.0,12890000000.0
85760000000,18540000000,13100000000,-1900000000.0,9720000000,-124060000,9570000000,878190000.0,23490000000.0,13100000000,2024-03-31,PTPW.JK,753380000000.0,89460000000.0,89460000000.0,300050000000.0,142990000000.0,118120000000.0,610390000000.0,610330000000.0,57610000000.0,,28100000000.0,8510000000.0
121130000000,28280000000,7570000000,-17950000000.0,-11510000000,-1490000000,-12980000000,4030000000.0,47400000000.0,7570000000,2022-09-30,LEAD.JK,2020000000000.0,206770000000.0,206770000000.0,1630000000000.0,1540000000000.0,112600000000.0,476200000000.0,475530000000.0,1300000000000.0,,48410000000.0,41170000000.0
128090000000,11260000000,-2350000000,-20810000000.0,-30730000000,-1430000000,-32200000000,4030000000.0,43930000000.0,-2350000000,2022-12-31,LEAD.JK,2080000000000.0,157300000000.0,157300000000.0,1690000000000.0,1630000000000.0,132660000000.0,453810000000.0,453150000000.0,1370000000000.0,,-17240000000.0,-23390000000.0
120640000000,15450000000,-2740000000,-25990000000.0,-19780000000,-1270000000,-21070000000,4030000000.0,40750000000.0,-2740000000,2023-03-31,LEAD.JK,2000000000000.0,237410000000.0,237410000000.0,1600000000000.0,1580000000000.0,140480000000.0,416370000000.0,415700000000.0,1300000000000.0,,127970000000.0,111800000000.0
112960000000,15430000000,-319280000,-26350000000.0,-22890000000,-1240000000,-24120000000,4030000000.0,43510000000.0,-319280000,2023-06-30,LEAD.JK,1980000000000.0,251900000000.0,251900000000.0,1569999999999.0,1580000000000.0,1550000000000.0,391990000000.0,391320000000.0,1280000000000.0,,53680000000.0,35640000000.0
133180000000,23860000000,-5450000000,-28440000000.0,-33520000000,-1230000000,-34720000000,4030000000.0,38690000000.0,-5450000000,2023-09-30,LEAD.JK,2009999999999.0,230160000000.0,230160000000.0,1589999999999.0,1640000000000.0,1600000000000.0,368790000000.0,368130000000.0,1300000000000.0,,2430000000.0,-5630000000.0
132690000000,10870000000,9860000000,-21980000000.0,-85290000,-1760000000,-1839999999,4030000000.0,60690000000.0,9860000000,2023-12-31,LEAD.JK,1990000000000.0,170830000000.0,170830000000.0,1569999999999.0,1630000000000.0,178960000000.0,366760000000.0,366760000000.0,1280000000000.0,,-14430000000.0,-39590000000.0
180300000000,49040000000,31690000000,-27510000000.0,2690000000,-1900000000,782320000,4030000000.0,79120000000.0,31690000000,2024-03-31,LEAD.JK,2109999999999.0,239340000000.0,239340000000.0,1580000000000.0,1730000000000.0,210790000000.0,378460000000.0,378460000000.0,1310000000000.0,,84610000000.0,72320000000.0
1430000000000,,579150000000,,580990000000,-129100000000,451880000000,7700000000.0,,,2022-12-31,BTPS.JK,21160000000000.0,,,,12750000000000.0,,8410000000000.0,8400000000000.0,167750000000.0,1460000000000,617190000000.0,583290000000.0
1390000000000,,542610000000,,543169999999,-118450000000,424720000000,7700000000.0,,,2023-03-31,BTPS.JK,22120000000000.0,,,,13280000000000.0,,8830000000000.0,8830000000000.0,63010000000.0,1620000000000,1130000000000.0,1110000000000.0
1450000000000,,418470000000,,419070000000,-91260000000,327790000000,7700000000.0,,,2023-06-30,BTPS.JK,21260000000000.0,,,,12810000000000.0,,8449999999999.0,8449999999999.0,60600000000.0,1839999999999,-62100000000.0,-82900000000.0
1480000000000,,321110000000,,320260000000,-69060000000,251150000000,7700000000.0,,,2023-09-30,BTPS.JK,21970000000000.0,,,,13280000000000.0,,8689999999999.0,8689999999999.0,100770000000.0,1470000000000,788310000000.0,746750000000.0
1440000000000,,96880000000,,97390000000,-20530000000,76830000000,7700000000.0,,,2023-12-31,BTPS.JK,21440000000000.0,,,,12660000000000.0,,8779999999999.0,8770000000000.0,53790000000.0,1260000000000,15240000000.0,-10130000000.0
1380000000000,,335050000000,,336470000000,-72440000000,263990000000,7700000000.0,,,2024-03-31,BTPS.JK,21200000000000.0,,,,12700000000000.0,,8500000000000.0,8500000000000.0,57680000000.0,1240000000000,-297420000000.0,-309470000000.0
1370000000000,,367060000000,,367810000000,-79630000000,288130000000,7700000000.0,,,2024-06-30,BTPS.JK,21030000000000.0,,,,12240000000000.0,,8789999999999.0,8789999999999.0,58130000000.0,1160000000000,-50190000000.0,-77880000000.0
19450000000,,-36690000000,-759950000.0,-19140000000,108480000,-5360000000,5250000000.0,-33720000000.0,-36690000000,2022-12-31,MARI.JK,592440000000.0,186820000000.0,186820000000.0,253160000000.0,424000000000.0,29350000000.0,168440000000.0,132320000000.0,376360000000.0,,-7010000000.0,-18300000000.0
18210000000,9890000000.0,-22390000000,-726090000.0,-24000000000,-1240000000,-9550000000,5250000000.0,-18730000000.0,-22390000000,2023-03-31,MARI.JK,561450000000.0,139940000000.0,139940000000.0,263800000000.0,410350000000.0,33189999999.0,151100000000.0,128690000000.0,358870000000.0,,-25880000000.0,-26050000000.0
20960000000,10710000000.0,-26800000000,-720380000.0,-27050000000,-419380000,-11780000000,5250000000.0,-23180000000.0,-26800000000,2023-06-30,MARI.JK,527530000000.0,96600000000.0,96600000000.0,269860000000.0,404210000000.0,30070000000.0,123320000000.0,116690000000.0,355850000000.0,,-32220000000.0,-32290000000.0
22430000000,6170000000.0,-23060000000,-701460000.0,-23230000000,-1350000000,-9200000000,5250000000.0,-17640000000.0,-23060000000,2023-09-30,MARI.JK,504140000000.0,75560000000.0,75560000000.0,269029999999.0,413550000000.0,30240000000.0,90600000000.0,102210000000.0,365130000000.0,,-20690000000.0,-21160000000.0
24630000000,5939999999.0,-23310000000,-755400000.0,-26660000000,1140000000,-16790000000,5250000000.0,-16350000000.0,-23310000000,2023-12-31,MARI.JK,479500000000.0,59140000000.0,59140000000.0,276510000000.0,414350000000.0,34060000000.0,65150000000.0,84930000000.0,362690000000.0,,-17260000000.0,-34130000000.0
22390000000,8880000000.0,-17120000000,-593980000.0,-17230000000,-429880000,-4660000000,5250000000.0,-11430000000.0,-17120000000,2024-03-31,MARI.JK,457750000000.0,39680000000.0,39680000000.0,272060000000.0,418490000000.0,30020000000.0,39260000000.0,74100000000.0,367500000000.0,,-18130000000.0,-18780000000.0
22360000000,5210000000.0,-17370000000,-484020000.0,-17640000000,149800000,-4730000000,5250000000.0,-11310000000.0,-17370000000,2024-06-30,MARI.JK,435960000000.0,24950000000.0,24950000000.0,266730000000.0,423330000000.0,33049999999.0,12630000000.0,62510000000.0,375820000000.0,,-14900000000.0,-15230000000.0
218010000000,,46120000000,0.0,52990000000,-15900000000,37090000000,5000000000.0,,,2022-12-31,AMAG.JK,3100000000000.0,,904190000000.0,,1400000000000.0,,1700000000000.0,1700000000000.0,0.0,,88320000000.0,87180000000.0
217200000000,,41990000000,0.0,17990000000,-2680000000,15310000000,4990000000.0,,,2023-03-31,AMAG.JK,3310000000000.0,,874500000000.0,,1589999999999.0,,1720000000000.0,1720000000000.0,0.0,,131419999999.0,125820000000.0
227320000000,,42080000000,0.0,40920000000,-250640000,40670000000,4990000000.0,,,2023-06-30,AMAG.JK,3370000000000.0,,852530000000.0,,1700000000000.0,,1670000000000.0,1670000000000.0,0.0,,38410000000.0,36540000000.0
256540000000,,57480000000,0.0,60940000000,-2220000000,58710000000,4990000000.0,,,2023-09-30,AMAG.JK,3340000000000.0,,93730000000.0,,1660000000000.0,,1680000000000.0,1680000000000.0,0.0,,88490000000.0,86120000000.0
244810000000,,36860000000,0.0,37930000000,-4550000000,33380000000,4970000000.0,,,2023-12-31,AMAG.JK,3270000000000.0,,779360000000.0,,1560000000000.0,,1710000000000.0,1710000000000.0,0.0,,91460000.0,-1760000000.0
263070000000,,51190000000,0.0,46430000000,-3390000000,43040000000,4950000000.0,,,2024-03-31,AMAG.JK,3540000000000.0,,755040000000.0,,1790000000000.0,,1760000000000.0,1760000000000.0,0.0,,73260000000.0,72530000000.0
261870000000,,71830000000,0.0,77210000000,-893170000,76320000000,4950000000.0,,,2024-06-30,AMAG.JK,3400000000000.0,,519110000000.0,,1730000000000.0,,1670000000000.0,1670000000000.0,0.0,,82560000000.0,81530000000.0
4010000000000,,618400000000,,614940000000,-152450000000,471070000000,10520000000.0,,,2022-12-31,BJBR.JK,181240000000000.0,,,,166500000000000.0,,14750000000000.0,14760000000000.0,31080000000000.0,21720000000000,1609999999999.0,1320000000000.0
3810000000000,,451330000000,,446160000000,-80010000000,371640000000,10520000000.0,,,2023-03-31,BJBR.JK,175860000000000.0,,,,160660000000000.0,,15200000000000.0,15220000000000.0,26780000000000.0,17090000000000,-10070000000000.0,-10200000000000.0
3860000000000,,659340000000,,657170000000,-114570000000,548500000000,10520000000.0,,,2023-06-30,BJBR.JK,177690000000000.0,,,,162820000000000.0,,14880000000000.0,14900000000000.0,30330000000000.0,15910000000000,9710000000000.0,9550000000000.0
3980000000000,,628450000000,,620890000000,-112750000000,514760000000,10520000000.0,,,2023-09-30,BJBR.JK,179310000000000.0,,,,164300000000000.0,,15010000000000.0,15040000000000.0,30220000000000.0,14660000000000,355280000000.0,190570000000.0
4170000000000,,422510000000,,402150000000,-137870000000,343500000000,10520000000.0,,,2023-12-31,BJBR.JK,188300000000000.0,,,,172850000000000.0,,15450000000000.0,15560000000000.0,32259999999999.0,20880000000000,1030000000000.0,999700000000.0
4260000000000,,466810000000,,453210000000,-69780000000,364260000000,10520000000.0,,,2024-03-31,BJBR.JK,202500000000000.0,,,,185590000000000.0,,16920000000000.0,15970000000000.0,27530000000000.0,17180000000000,15990000000000.0,15540000000000.0
4360000000000,,477980000000,,477890000000,-90390000000,361600000000,10520000000.0,,,2024-06-30,BJBR.JK,207270000000000.0,,,,191150000000000.0,,16120000000000.0,15190000000000.0,37940000000000.0,18000000000000,-5150000000000.0,-5240000000000.0
82950000000,18520000000,17970000000,-10240000000.0,1920000000,-426530000,1490000000,3020000000.0,24690000000.0,17970000000,2022-06-30,SWAT.JK,715700000000.0,41300000000.0,41300000000.0,355520000000.0,430120000000.0,263839999999.0,285580000000.0,285340000000.0,397370000000.0,,-15500000000.0,-17700000000.0
81280000000,2420000000,-24260000000,-2790000000.0,-20580000000,703190000,-19880000000,3020000000.0,-17190000000.0,-24260000000,2022-09-30,SWAT.JK,695420000000.0,26900000000.0,26900000000.0,353470000000.0,429690000000.0,262240000000.0,265730000000.0,265490000000.0,398940000000.0,,-14700000000.0,-16010000000.0
69100000000,-7320000000,-25550000000,-14400000000.0,-42690000000,5330000000,-37340000000,3020000000.0,-18100000000.0,-25550000000,2022-12-31,SWAT.JK,658100000000.0,25830000000.0,25830000000.0,373690000000.0,430460000000.0,262890000000.0,227630000000.0,227410000000.0,398370000000.0,,27760000000.0,-343990000.0
76370000000,-2590000000,-9600000000,-1700000000.0,-9820000000,807370000,-9000000000,3020000000.0,-2469999999.0,-9600000000,2023-03-31,SWAT.JK,656970000000.0,35810000000.0,35810000000.0,367900000000.0,438500000000.0,270890000000.0,218460000000.0,218250000000.0,397880000000.0,,10980000000.0,10500000000.0
66160000000,6190000000,-2190000000,-791280000.0,-2190000000,-677710000,-2860000000,3020000000.0,4610000000.0,-2190000000,2023-06-30,SWAT.JK,657100000000.0,44170000000.0,44170000000.0,360240000000.0,441680000000.0,40080000000.0,215430000000.0,215220000000.0,395080000000.0,,8730000000.0,8740000000.0
58320000000,4269999999,1350000000,-1260000000.0,-2580000000,-202910000,-2780000000,3020000000.0,8439999999.0,1350000000,2023-09-30,SWAT.JK,645640000000.0,47950000000.0,47950000000.0,353630000000.0,433160000000.0,33420000000.0,212480000000.0,212280000000.0,394050000000.0,,5390000000.0,4970000000.0
44420000000,95350000,-10930000000,-803590000.0,-11350000000,903970000,-10440000000,3020000000.0,-3550000000.0,-10930000000,2023-12-31,SWAT.JK,634050000000.0,22010000000.0,22010000000.0,348700000000.0,431610000000.0,33130000000.0,202440000000.0,202250000000.0,408240000000.0,,-20630000000.0,-21580000000.0
39670000000,8590000000,6930000000,-938950000.0,5950000000,-508270000,5450000000,568400000.0,33320000000.0,6930000000,2023-03-31,ASLI.JK,,,,,,,,,,,-19210000000.0,-32970000000.0
42940000000,12560000000,6820000000,-1070000000.0,5910000000,-601050000,5300000000,13750000000.0,14050000000.0,6820000000,2023-06-30,ASLI.JK,382750000000.0,12330000000.0,12330000000.0,265300000000.0,37090000000.0,30970000000.0,345660000000.0,342840000000.0,24280000000.0,,7960000000.0,8010000000.0
69790000000,17530000000,5600000000,-2029999999.0,3610000000,-1970000000,1640000000,6190000000.0,12650000000.0,5600000000,2024-03-31,ASLI.JK,537890000000.0,10290000000.0,10290000000.0,251680000000.0,61500000000.0,50810000000.0,476390000000.0,475100000000.0,34040000000.0,,-43950000000.0,-124090000000.0
37040000000,1500000000,-2820000000,-1850000000.0,-4640000000,-645840000,-5300000000,6250000000.0,4230000000.0,-2820000000,2024-06-30,ASLI.JK,532220000000.0,11560000000.0,11560000000.0,269970000000.0,61120000000.0,52330000000.0,471100000000.0,469800000000.0,30570000000.0,,1650000000.0,1630000000.0
354320000000,,37690000000,,36590000000,-8180000000,28410000000,4950000000.0,,,2022-12-31,NOBU.JK,22120000000000.0,,,,20240000000000.0,,1870000000000.0,1870000000000.0,4840000000000.0,2850000000000,-1330000000.0,-4870000000.0
361760000000,,37430000000,,39120000000,-8620000000,30500000000,5440000000.0,,,2023-03-31,NOBU.JK,22430000000000.0,,,,19250000000000.0,,3180000000000.0,3180000000000.0,4470000000000.0,3650000000000,16190000000.0,-378600000000.0
402900000000,,42450000000,,41600000000,-9470000000,32130000000,5689999999.0,,,2023-06-30,NOBU.JK,23240000000000.0,,,,19980000000000.0,,3260000000000.0,3260000000000.0,5160000000000.0,3450000000000,-219350000000.0,175330000000.0
423990000000,,50550000000,,52940000000,-11160000000,41780000000,6720000000.0,,,2023-09-30,NOBU.JK,24820000000000.0,,,,21530000000000.0,,3290000000000.0,3290000000000.0,4950000000000.0,2650000000000,78890000000.0,20100000000.0
465800000000,,53880000000,,51870000000,-14730000000,37130000000,7480000000.0,,,2023-12-31,NOBU.JK,26620000000000.0,,,,23290000000000.0,,3340000000000.0,3340000000000.0,5080000000000.0,3410000000000,-246410000000.0,-253270000000.0
521360000000,,64390000000,,65410000000,-14380000000,51030000000,7480000000.0,,,2024-03-31,NOBU.JK,29190000000000.0,,,,25820000000000.0,,3380000000000.0,3380000000000.0,5330000000000.0,4370000000000,-584030000000.0,-595300000000.0
576430000000,,97030000000,,98070000000,-21350000000,76720000000,7480000000.0,,,2024-06-30,NOBU.JK,30710000000000.0,,,,27270000000000.0,,3450000000000.0,3450000000000.0,5730000000000.0,1780000000000,17370000000.0,12070000000.0
1760000000,-1160000000,-2930000000,-378900.0,-2920000000,-860110000,-3780000000,220000000.0,-2930000000.0,-2930000000,2022-12-31,AIMS.JK,29310000000.0,1890000000.0,1890000000.0,17480000000.0,13730000000.0,11140000000.0,15580000000.0,15580000000.0,0.0,,75990000.0,75990000.0
9760000000,596410000,386710000,-87300.0,397030000,0,397030000,220000000.0,386710000.0,386710000,2023-03-31,AIMS.JK,20810000000.0,3290000000.0,3290000000.0,17480000000.0,4830000000.0,2230000000.0,15980000000.0,15980000000.0,0.0,,1380000000.0,1380000000.0
0,0,-257450000,-110400.0,-251720000,0,-251720000,220000000.0,-257450000.0,-257450000,2023-06-30,AIMS.JK,19130000000.0,929880000.0,929880000.0,17480000000.0,3400000000.0,877500000.0,15730000000.0,15730000000.0,0.0,,-3610000000.0,-3610000000.0
0,-351560,-365370000,-94500.0,-363810000,0,-363810000,220000000.0,-365020000.0,-365370000,2023-09-30,AIMS.JK,18770000000.0,412490000.0,412490000.0,17500000000.0,3400000000.0,876970000.0,15360000000.0,15360000000.0,0.0,,825410000.0,808530000.0
0,-1050000,-1300000000,-432900.0,-17100000000,3560000000,-13540000000,220000000.0,-1300000000.0,-1300000000,2023-12-31,AIMS.JK,3890000000.0,5230000.0,5230000.0,3860000000.0,2069999999.0,1900000000.0,1819999999.0,1819999999.0,0.0,,-472250000.0,-472250000.0
0,-1050000,-232030000,-75000.0,-232100000,0,-232100000,220000000.0,-230970000.0,-232030000,2024-03-31,AIMS.JK,3880000000.0,13210000.0,13210000.0,3860000000.0,2290000000.0,1900000000.0,1589999999.0,1589999999.0,0.0,,-218580000.0,-218580000.0
97500000,96450000,-517000000,-327500.0,-517260000,0,-517260000,220000000.0,-515950000.0,-517000000,2024-06-30,AIMS.JK,3990000000.0,26660000.0,26660000.0,3860000000.0,2920000000.0,1900000000.0,1070000000.0,1070000000.0,0.0,,-1650000000.0,-1650000000.0
224010000000,,-29960000000,,-29740000000,47230000000,17490000000,13820000000.0,,,2022-12-31,AMAR.JK,4510000000000.0,,,,1330000000000.0,,3180000000000.0,3180000000000.0,266250000000.0,291820000000,159540000000.0,159500000000.0
271040000000,,34720000000,,34430000000,0,34430000000,18380000000.0,,,2023-03-31,AMAR.JK,4760000000000.0,,,,1540000000000.0,,3220000000000.0,3220000000000.0,216040000000.0,122750000000,190520000000.0,
276860000000,,50680000000,,50610000000,0,50610000000,13820000000.0,,,2023-06-30,AMAR.JK,4670000000000.0,,,,1400000000000.0,,3270000000000.0,3270000000000.0,152990000000.0,236940000000,207480000000.0,
382990000000,,76910000000,,77140000000,0,77140000000,18380000000.0,,,2023-09-30,AMAR.JK,4440000000000.0,,,,1110000000000.0,,3340000000000.0,3340000000000.0,125200000000.0,95640000000,275070000000.0,
397150000000,,30250000000,,57850000000,-42050000000,15800000000,18380000000.0,,,2023-12-31,AMAR.JK,4380000000000.0,,,,1080000000000.0,,3300000000000.0,3300000000000.0,228060000000.0,98070000000,413800000000.0,
366250000000,,63440000000,,63450000000,-14600000000,48860000000,18380000000.0,,,2024-03-31,AMAR.JK,4740000000000.0,,,,1410000000000.0,,3320000000000.0,3320000000000.0,272220000000.0,95670000000,211380000000.0,
366670000000,,63410000000,,63470000000,-14550000000,48930000000,18380000000.0,,,2024-06-30,AMAR.JK,4600000000000.0,,,,1310000000000.0,,3290000000000.0,3290000000000.0,233840000000.0,90940000000,331570000000.0,
46800000000,,20770000000,,18620000000,-4640000000,13980000000,3310000000.0,,,2022-12-31,BBSI.JK,3310000000000.0,,,,248250000000.0,,3070000000000.0,3070000000000.0,0.0,101820000000,9670000000.0,15460000000.0
59040000000,,32680000000,,32790000000,-7210000000,25580000000,3310000000.0,,,2023-03-31,BBSI.JK,3270000000000.0,,,,183700000000.0,,3090000000000.0,3090000000000.0,0.0,38600000000,33159999999.0,32830000000.0
94520000000,,41880000000,,41930000000,-9220000000,32700000000,3670000000.0,,,2023-06-30,BBSI.JK,3380000000000.0,,,,253970000000.0,,3120000000000.0,3120000000000.0,0.0,94690000000,39410000000.0,37830000000.0
124260000000,,49570000000,,50670000000,-11150000000,39520000000,3670000000.0,,,2023-09-30,BBSI.JK,3420000000000.0,,,,260850000000.0,,3160000000000.0,3160000000000.0,0.0,88710000000,82470000000.0,69960000000.0
160580000000,,46680000000,,46870000000,-12100000000,34770000000,3670000000.0,,,2023-12-31,BBSI.JK,3640000000000.0,,,,443040000000.0,,3200000000000.0,3200000000000.0,0.0,126510000000,74980000000.0,84500000000.0
201970000000,,36170000000,,36140000000,-7950000000,28190000000,3670000000.0,,,2024-03-31,BBSI.JK,4139999999999.0,,,,914520000000.0,,3230000000000.0,3230000000000.0,0.0,120090000000,182740000000.0,182320000000.0
236370000000,,47380000000,,47370000000,-10420000000,36950000000,3670000000.0,,,2024-06-30,BBSI.JK,4910000000000.0,,,,1650000000000.0,,3260000000000.0,3260000000000.0,0.0,137730000000,119680000000.0,118210000000.0
71830000000,25680000000,7980000000,-452810000.0,12880000000,-2780000000,9410000000,2960000000.0,,7980000000,2022-12-31,MITI.JK,475030000000.0,131039999999.0,131039999999.0,274829999999.0,81040000000.0,68239999999.0,394000000000.0,268029999999.0,14080000000.0,,4730000000.0,7060000000.0
84250000000,27910000000,17310000000,-121180000.0,17780000000,-3469999999,11160000000,3540000000.0,19980000000.0,17310000000,2023-03-31,MITI.JK,489790000000.0,142730000000.0,142730000000.0,272470000000.0,81480000000.0,69010000000.0,408310000000.0,279190000000.0,13840000000.0,,14900000000.0,13920000000.0
82740000000,33570000000,20330000000,-90870000.0,20900000000,-3600000000,13860000000,3540000000.0,23070000000.0,20330000000,2023-06-30,MITI.JK,480090000000.0,130240000000.0,130240000000.0,269760000000.0,61320000000.0,49400000000.0,418780000000.0,287740000000.0,11100000000.0,,-6210000000.0,-7060000000.0
77910000000,30220000000,17730000000,-64099999.0,17530000000,-2910000000,11520000000,3540000000.0,20440000000.0,17730000000,2023-09-30,MITI.JK,492670000000.0,156040000000.0,156040000000.0,270670000000.0,59270000000.0,47400000000.0,433400000000.0,299260000000.0,10940000000.0,,28430000000.0,25190000000.0
62090000000,17600000000,1020000000,-115200000.0,2190000000,-525429999,1970000000,3420000000.0,4000000000.0,1020000000,2023-12-31,MITI.JK,494890000000.0,160110000000.0,152110000000.0,272320000000.0,59090000000.0,47510000000.0,435800000000.0,394890000000.0,8780000000.0,,12410000000.0,9030000000.0
69550000000,14290000000,2990000000,-110430000.0,5640000000,-1660000000,2880000000,3540000000.0,5870000000.0,2990000000,2024-03-31,MITI.JK,492310000000.0,160770000000.0,152770000000.0,269579999999.0,52540000000.0,41090000000.0,439770000000.0,397770000000.0,5620000000.0,,3700000000000.0,3400000000000.0
63910000000,14510000000,2840000000,-47490000.0,5700000000,-1380000000,3140000000,3420000000.0,5810000000.0,2840000000,2024-06-30,MITI.JK,492470000000.0,157400000000.0,144400000000.0,272070000000.0,61640000000.0,50940000000.0,430830000000.0,390280000000.0,2469999999.0,,-3680000000000.0,-3400000000000.0
534159999999,,-39600000000,,-37810000000,39370000000,1560000000,18110000000.0,,,2022-12-31,BCIC.JK,33619999999999.0,,,,30890000000000.0,,2719999999999.0,2719999999999.0,4960000000000.0,3280000000000,646530000000.0,644490000000.0
562530000000,,47620000000,,54430000000,18800000000,73230000000,18110000000.0,,,2023-03-31,BCIC.JK,32990000000000.0,,,,30190000000000.0,,2810000000000.0,2810000000000.0,4440000000000.0,1520000000000,1040000000.0,-1800000000.0
631740000000,,36990000000,,36190000000,-18800000000,17390000000,18110000000.0,,,2023-06-30,BCIC.JK,36450000000000.0,,,,33600000000000.0,,2850000000000.0,2850000000000.0,4050000000000.0,2750000000000,98060000000.0,96190000000.0
669450000000,,25140000000,,20720000000,0,20720000000,18110000000.0,,,2023-09-30,BCIC.JK,37070000000000.0,,,,34259999999999.0,,2810000000000.0,2810000000000.0,4300000000000.0,1730000000000,-11670000000.0,-15180000000.0
916900000000,,-85630000000,,-89530000000,6090000000,-83430000000,18110000000.0,,,2023-12-31,BCIC.JK,39230000000000.0,,,,36480000000000.0,,2760000000000.0,2760000000000.0,4219999999999.0,5330000000000,111960000000.0,104730000000.0
741010000000,,43370000000,,44020000000,0,44020000000,18110000000.0,,,2024-03-31,BCIC.JK,40960000000000.0,,,,38150000000000.0,,2800000000000.0,2800000000000.0,4330000000000.0,4420000000000,-16170000000.0,-18390000000.0
772740000000,,35320000000,,42470000000,0,42470000000,18110000000.0,,,2024-06-30,BCIC.JK,41780000000000.0,,,,38980000000000.0,,2800000000000.0,2800000000000.0,4340000000000.0,4219999999999,-90100000000.0,-91970000000.0
700530000000,107050000000,-31600000000,-11440000000.0,-25210000000,1569999999,-23750000000,1560000000.0,18320000000.0,-31600000000,2022-12-31,RANC.JK,1350000000000.0,101840000000.0,101840000000.0,834620000000.0,928180000000.0,620510000000.0,426240000000.0,422170000000.0,427700000000.0,,66700000000.0,58940000000.0
713080000000,127610000000,-17100000000,-9620000000.0,-16890000000,544330000,-15840000000,1560000000.0,29810000000.0,-17100000000,2023-03-31,RANC.JK,1390000000000.0,75100000000.0,75100000000.0,821840000000.0,981130000000.0,679970000000.0,410210000000.0,406330000000.0,428720000000.0,,4370000000.0,-12980000000.0
742690000000,115630000000,-29830000000,-10030000000.0,-27610000000,553290000,-26730000000,1560000000.0,17149999999.0,-29830000000,2023-06-30,RANC.JK,1250000000000.0,75370000000.0,75370000000.0,765070000000.0,869920000000.0,586480000000.0,383390000000.0,379600000000.0,408930000000.0,,17940000000.0,17310000000.0
717490000000,102280000000,-44750000000,-11310000000.0,-37110000000,1150000000,-35720000000,1560000000.0,2340000000.0,-44750000000,2023-09-30,RANC.JK,1210000000000.0,74740000000.0,74740000000.0,756470000000.0,867020000000.0,579480000000.0,347670000000.0,343880000000.0,415980000000.0,,57110000000.0,48750000000.0
630950000000,129840000000,-16850000000,-11090000000.0,-44020000000,831450000,-42270000000,1560000000.0,27870000000.0,-16850000000,2023-12-31,RANC.JK,1250000000000.0,123050000000.0,123050000000.0,727850000000.0,948000000000.0,663440000000.0,299190000000.0,295620000000.0,438430000000.0,,56670000000.0,47280000000.0
734390000000,134310000000,-14830000000,-10570000000.0,-13800000000,404700000,-13130000000,1560000000.0,31910000000.0,-14830000000,2024-03-31,RANC.JK,1330000000000.0,127640000000.0,127640000000.0,764390000000.0,1040000000000.0,744770000000.0,286030000000.0,282490000000.0,481350000000.0,,52990000000.0,30110000000.0
696980000000,116850000000,-31990000000,-10580000000.0,73300000000,-505700000,73200000000,1560000000.0,13910000000.0,-31990000000,2024-06-30,RANC.JK,1270000000000.0,214340000000.0,214340000000.0,672950000000.0,907460000000.0,639100000000.0,358830000000.0,355690000000.0,449600000000.0,,-22300000000.0,-24700000000.0
7340000000,1450000000,-1060000000,-6160000.0,-20960000,300480000,279520000,801630000.0,-688970000.0,-1060000000,2022-12-31,OPMS.JK,94310000000.0,16350000000.0,16350000000.0,66379999999.0,2410000000.0,1830000000.0,91900000000.0,91900000000.0,0.0,,5900000000.0,8680000000.0
181010000,-670610000,-1859999999,0.0,-1650000000,0,-1650000000,801630000.0,-1160000000.0,-1859999999,2023-03-31,OPMS.JK,92620000000.0,14870000000.0,14870000000.0,65580000000.0,2360000000.0,1780000000.0,90250000000.0,90250000000.0,0.0,,785040000.0,-1470000000.0
149970000,-917410000,-1990000000,-9160000.0,-1589999999,820710000,-769640000,801630000.0,-1290000000.0,-1990000000,2023-06-30,OPMS.JK,91820000000.0,13040000000.0,13040000000.0,69570000000.0,1900000000.0,1180000000.0,89930000000.0,89930000000.0,172450000.0,,-1270000000.0,-1810000000.0
119010000,-711870000,-1710000000,-2570000.0,-1520000000,233130000,-1290000000,801630000.0,-899490000.0,-1710000000,2023-09-30,OPMS.JK,89850000000.0,8510000000.0,8510000000.0,65700000000.0,1220000000.0,550030000.0,88640000000.0,88640000000.0,111060000.0,,-8529999999.0,-8930000000.0
8670000000,-553150000,-2029999999,-6110000.0,-1580000000,533210000,-1050000000,801630000.0,-1210000000.0,-2029999999,2023-12-31,OPMS.JK,89200000000.0,7360000000.0,7360000000.0,64879999999.0,1790000000.0,1170000000.0,87420000000.0,87420000000.0,102580000.0,,-1280000000.0,-1450000000.0
23250000000,484490000,-1400000000,-2220000.0,-1370000000,0,-1370000000,801630000.0,-580110000.0,-1400000000,2024-03-31,OPMS.JK,87550000000.0,16230000000.0,16230000000.0,61140000000.0,1500000000.0,883310000.0,86050000000.0,86050000000.0,102580000.0,,5990000000.0,5950000000.0
469130000,-809150000,-2420000000,-6240000.0,-2069999999,782020000,-1280000000,801630000.0,-1589999999.0,-2420000000,2024-06-30,OPMS.JK,85710000000.0,10430000000.0,10430000000.0,59260000000.0,755780000.0,124090000.0,84950000000.0,84950000000.0,0.0,,-8240000000.0,-9370000000.0
3950000000,158780000,-515960000,-4850000.0,-471640000,0,-471640000,595400000.0,345670000.0,-515960000,H1 '22-12-31,PLAN.JK,89100000000.0,46350000.0,46350000.0,88790000000.0,26420000000.0,26220000000.0,62680000000.0,62680000000.0,22280000000.0,,-589980000.0,-631820000.0
6939999999,1280000000,322220000,-2280000000.0,-1700000000,0,-1700000000,892860000.0,1960000000.0,322220000,H2 '22-12-31,PLAN.JK,88230000000.0,1100000000.0,1100000000.0,86180000000.0,27260000000.0,26930000000.0,60970000000.0,60970000000.0,22280000000.0,,1220000000.0,1060000000.0
5390000000,711010000,83160000,-1070000000.0,-926490000,0,-926490000,892860000.0,949070000.0,83160000,H1 '23-12-31,PLAN.JK,87620000000.0,936900000.0,936900000.0,85610000000.0,27580000000.0,25140000000.0,60040000000.0,60040000000.0,22280000000.0,,-456380000.0,-519530000.0
6980000000,1300000000,368220000,-1110000000.0,-402380000,0,-402380000,896710000.0,1470000000.0,368220000,H2 '23-12-31,PLAN.JK,87010000000.0,539520000.0,539520000.0,84770000000.0,27060000000.0,25260000000.0,59950000000.0,59950000000.0,22280000000.0,,385500000.0,-104590000.0
6200000000,1330000000,699800000,-1090000000.0,-337790000,0,-337790000,896710000.0,1640000000.0,699800000,H1 '24-12-31,PLAN.JK,85890000000.0,281540000.0,281540000.0,84040000000.0,26280000000.0,25090000000.0,59610000000.0,59610000000.0,22280000000.0,,433560000.0,356900000.0
86390000000,,-29350000000,-263360000.0,-26470000000,-40320000,-26510000000,8960000000.0,,,2022-12-31,ASMI.JK,848050000000.0,,89520000000.0,,471100000000.0,,376950000000.0,376950000000.0,5860000000.0,,79770000000.0,79290000000.0
81560000000,,-22220000000,-75580000.0,-23330000000,4320000000,-19010000000,8960000000.0,,,2023-03-31,ASMI.JK,788820000000.0,,35720000000.0,,430650000000.0,,358170000000.0,358170000000.0,5580000000.0,,-39820000000.0,-39930000000.0
143670000000,,45080000000,-80210000.0,44370000000,0,44370000000,8960000000.0,,,2023-06-30,ASMI.JK,833190000000.0,,29800000000.0,,429780000000.0,,403410000000.0,403410000000.0,5280000000.0,,-2660000000.0,-2660000000.0
83210000000,,-9380000000,-70940000.0,-12790000000,0,-12790000000,8960000000.0,,,2023-09-30,ASMI.JK,793380000000.0,,32810000000.0,,402890000000.0,,390490000000.0,390490000000.0,5020000000.0,,-9520000000.0,-9920000000.0
100960000000,,546090000,-352150000.0,4090000000,-9100000000,-5010000000,8960000000.0,,,2023-12-31,ASMI.JK,775870000000.0,,15370000000.0,,390430000000.0,,385440000000.0,385440000000.0,3760000000.0,,-11440000000.0,-11450000000.0
73690000000,,-4630000000,-75610000.0,-3730000000,0,-3730000000,8960000000.0,,,2024-03-31,ASMI.JK,777150000000.0,,48670000000.0,,395410000000.0,,381740000000.0,381740000000.0,3480000000.0,,16930000000.0,16899999999.0
92630000000,,-5180000000,-56290000.0,-3440000000,0,-3440000000,8960000000.0,,,2024-06-30,ASMI.JK,724740000000.0,,17050000000.0,,346470000000.0,,378280000000.0,378280000000.0,3260000000.0,,-22360000000.0,-22490000000.0
58790000000,16370000000,-5960000000,-341420000.0,-6040000000,1450000000,-4920000000,1280000000.0,-3650000000.0,-5960000000,H1 '21-12-31,CASH.JK,165340000000.0,54010000000.0,26310000000.0,70810000000.0,57060000000.0,53840000000.0,108280000000.0,101950000000.0,2910000000.0,,-21580000000.0,-21940000000.0
82060000000,17590000000,-5160000000,,-2580000000,-1510000000,-5380000000,1430000000.0,-2980000000.0,-5160000000,H2 '21-12-31,CASH.JK,154990000000.0,35950000000.0,14430000000.0,68390000000.0,49840000000.0,48150000000.0,105140000000.0,97470000000.0,1430000000.0,,-16190000000.0,-16090000000.0
42980000000,9860000000,-11450000000,-212950000.0,-11260000000,1609999999,-9310000000,1280000000.0,-9290000000.0,-11450000000,H1 '22-12-31,CASH.JK,148120000000.0,33630000000.0,12990000000.0,69180000000.0,52720000000.0,50730000000.0,95400000000.0,88160000000.0,25440000.0,,1080000000.0,-361500000.0
86000000000,16770000000,2820000000,-571490000.0,2009999999,-2170000000,-724540000,1430000000.0,5610000000.0,2820000000,H2 '22-12-31,CASH.JK,225490000000.0,20740000000.0,9520000000.0,176580000000.0,40940000000.0,38130000000.0,184550000000.0,160680000000.0,11310000000.0,,-5500000000.0,-10770000000.0
55910000000,7220000000,-17610000000,-1550000000.0,-21190000000,4280000000,-16000000000,1430000000.0,-8990000000.0,-17610000000,H1 '24-12-31,CASH.JK,214470000000.0,27240000000.0,16050000000.0,170690000000.0,76480000000.0,74480000000.0,137990000000.0,116970000000.0,13220000000.0,,-12400000000.0,-13160000000.0
408070000000,,197450000000,,178640000000,-70620000000,108020000000,15850000000.0,,,2022-12-31,BVIC.JK,25930000000000.0,,,,22230000000000.0,,3700000000000.0,3700000000000.0,2660000000000.0,2390000000000,651910000000.0,651720000000.0
464270000000,,52740000000,,57200000000,-11100000000,46110000000,15850000000.0,,,2023-03-31,BVIC.JK,25660000000000.0,,,,21900000000000.0,,3760000000000.0,3760000000000.0,2510000000000.0,1859999999999,122330000000.0,116610000000.0
446370000000,,32640000000,,34340000000,-6130000000,28220000000,15850000000.0,,,2023-06-30,BVIC.JK,26780000000000.0,,,,22970000000000.0,,3810000000000.0,3810000000000.0,2950000000000.0,2530000000000,240220000000.0,239190000000.0
472150000000,,50310000000,,50640000000,-9860000000,40780000000,15850000000.0,,,2023-09-30,BVIC.JK,27350000000000.0,,,,23520000000000.0,,3830000000000.0,3830000000000.0,2800000000000.0,2040000000000,955160000000.0,948950000000.0
505410000000,,35550000000,,-12650000000,-636120000,-13280000000,15850000000.0,,,2023-12-31,BVIC.JK,29620000000000.0,,,,25800000000000.0,,3820000000000.0,3820000000000.0,3140000000000.0,1950000000000,-484080000000.0,-487310000000.0
512460000000,,43110000000,,41830000000,-8480000000,33350000000,15850000000.0,,,2024-03-31,BVIC.JK,29020000000000.0,,,,25170000000000.0,,3860000000000.0,3860000000000.0,3230000000000.0,1880000000000,627470000000.0,627230000000.0
528900000000,,57050000000,,61610000000,-21050000000,40560000000,15850000000.0,,,2024-06-30,BVIC.JK,29000000000000.0,,,,25120000000000.0,,3880000000000.0,3880000000000.0,3340000000000.0,1780000000000,-4080000000000.0,-4099999999999.0
80290000000,21730000000,810970000,-884920000.0,4950000000,-2250000000,2850000000,2180000000.0,3290000000.0,810970000,2022-12-31,BINO.JK,544210000000.0,8950000000.0,8950000000.0,327210000000.0,106350000000.0,76840000000.0,437870000000.0,437890000000.0,52080000000.0,,-4330000000.0,-8380000000.0
91830000000,24420000000,772800000,-938970000.0,1440000000,0,1520000000,2120000000.0,3210000000.0,772800000,2023-03-31,BINO.JK,553890000000.0,7250000000.0,7250000000.0,326560000000.0,114210000000.0,84330000000.0,439680000000.0,439780000000.0,52860000000.0,,-186880000000.0,-188240000000.0
81710000000,22780000000,-77630000,-1180000000.0,21120000,0,66920000,2180000000.0,2900000000.0,-77630000,2023-06-30,BINO.JK,555380000000.0,8930000000.0,8930000000.0,326090000000.0,115670000000.0,84700000000.0,439710000000.0,439850000000.0,48910000000.0,,7490000000.0,5280000000.0
93800000000,28500000000,3630000000,-1020000000.0,3550000000,-155140000,3640000000,2180000000.0,6980000000.0,3630000000,2023-09-30,BINO.JK,556250000000.0,11320000000.0,11320000000.0,324770000000.0,114880000000.0,83820000000.0,441380000000.0,441760000000.0,53020000000.0,,189280000000.0,186810000000.0
97430000000,26950000000,-1560000000,-1120000000.0,709910000,-1180000000,-112650000,2180000000.0,1110000000.0,-1560000000,2023-12-31,BINO.JK,543320000000.0,10120000000.0,10120000000.0,324880000000.0,101090000000.0,61060000000.0,442230000000.0,443010000000.0,58200000000.0,,-2080000000.0,-2430000000.0
96730000000,25890000000,1650000000,-1060000000.0,1460000000,0,1569999999,2170000000.0,3600000000.0,1650000000,2024-03-31,BINO.JK,553610000000.0,14120000000.0,14120000000.0,322650000000.0,109920000000.0,69980000000.0,443680000000.0,444570000000.0,51150000000.0,,7190000000.0,
89080000000,22320000000,587210000,-1030000000.0,-1250000000,-109600000,-1150000000,2180000000.0,3280000000.0,587210000,2024-06-30,BINO.JK,549200000000.0,7440000000.0,7440000000.0,321450000000.0,108230000000.0,74570000000.0,440970000000.0,442070000000.0,55150000000.0,,-7750000000.0,
12080000000,,5290000000,,4380000000,-1080000000,3310000000,2980000000.0,5990000000.0,5290000000,2022-09-30,CBPE.JK,,,,,,,,,,,,
7930000000,,2089999999,,1819999999,-439680000,1380000000,1359999999.0,3980000000.0,2089999999,2023-03-31,CBPE.JK,253400000000.0,60760000000.0,60760000000.0,,65590000000.0,,187810000000.0,187810000000.0,37540000000.0,,6970000000.0,-3360000000.0
8800000000,,2590000000,,2570000000,-697980000,1870000000,1359999999.0,4540000000.0,2590000000,2023-06-30,CBPE.JK,261200000000.0,64319999999.0,64319999999.0,,71520000000.0,,189680000000.0,189680000000.0,32259999999.0,,5939999999.0,4880000000.0
20460000000,,10010000000,,11130000000,-1290000000,9840000000,1359999999.0,11250000000.0,9220000000,2023-09-30,CBPE.JK,277570000000.0,77430000000.0,77430000000.0,,79400000000.0,,198160000000.0,198160000000.0,30810000000.0,,14610000000.0,25740000000.0
47640000000,,30050000000,,30540000000,-2240000000,28290000000,1390000000.0,32140000000.0,30050000000,2023-12-31,CBPE.JK,300950000000.0,88720000000.0,88720000000.0,,74410000000.0,,226540000000.0,226540000000.0,29460000000.0,,28430000000.0,15300000000.0
24850000000,,14890000000,,15350000000,-1320000000,14030000000,1359999999.0,16969999999.0,14890000000,2024-03-31,CBPE.JK,311990000000.0,77530000000.0,77530000000.0,,71420000000.0,,240570000000.0,240570000000.0,28000000000.0,,19560000000.0,-8050000000.0
23370000000,,12840000000,,13420000000,-1480000000,11940000000,1359999999.0,14920000000.0,12840000000,2024-06-30,CBPE.JK,315880000000.0,98430000000.0,98430000000.0,,63370000000.0,,252520000000.0,252520000000.0,22620000000.0,,22820000000.0,50370000000.0
30900000000,20610000000,7090000000,-4720000000.0,3210000000,-233590000,2950000000,1900000000.0,8359999999.0,7090000000,2021-12-31,MGLV.JK,211400000000.0,7930000000.0,7930000000.0,59140000000.0,118000000000.0,80360000000.0,93410000000.0,93310000000.0,51270000000.0,,-3500000000.0,-5720000000.0
40320000000,18680000000,9070000000,-3990000000.0,5230000000,-797600000,4400000000,1900000000.0,9470000000.0,9070000000,2022-03-31,MGLV.JK,213880000000.0,14080000000.0,14080000000.0,60750000000.0,116090000000.0,78450000000.0,97800000000.0,97710000000.0,50280000000.0,,10190000000.0,9190000000.0
53560000000,18310000000,6920000000,-494230000.0,7040000000,-1300000000,5720000000,1900000000.0,7330000000.0,6920000000,2022-06-30,MGLV.JK,238050000000.0,42230000000.0,42230000000.0,60340000000.0,134370000000.0,97750000000.0,103680000000.0,103580000000.0,50560000000.0,,26590000000.0,25580000000.0
40760000000,15610000000,5480000000,-1100000000.0,4960000000,73790000,4950000000,1900000000.0,5900000000.0,5480000000,2022-09-30,MGLV.JK,228790000000.0,6220000000.0,6220000000.0,59940000000.0,120080000000.0,83460000000.0,108710000000.0,108530000000.0,58170000000.0,,-39320000000.0,-39320000000.0
31910000000,16899999999,-2320000000,-1410000000.0,1490000000,-1130000000,388540000,1900000000.0,1870000000.0,-2320000000,2022-12-31,MGLV.JK,265320000000.0,9020000000.0,9020000000.0,63770000000.0,156190000000.0,122590000000.0,109130000000.0,108930000000.0,44750000000.0,,21790000000.0,13400000000.0
55670000000,22840000000,9480000000,-2420000000.0,7370000000,-759310000,6560000000,1900000000.0,9690000000.0,9480000000,2023-09-30,MGLV.JK,281850000000.0,8820000000.0,8820000000.0,62530000000.0,154120000000.0,120690000000.0,127730000000.0,127530000000.0,35790000000.0,,,
52160000000,24130000000,1859999999,-103740000.0,718970000,-3100000000,-2400000000,1900000000.0,10010000000.0,1859999999,2023-12-31,MGLV.JK,296040000000.0,6800000000.0,6800000000.0,51560000000.0,169830000000.0,139500000000.0,126210000000.0,125530000000.0,34240000000.0,,10340000000.0,9720000000.0
582050000000,101640000000,94500000000,-1420000000.0,72090000000,-15940000000,56150000000,1330000000.0,94900000000.0,94500000000,2022-12-31,ZYRX.JK,707230000000.0,206380000000.0,206380000000.0,83980000000.0,438940000000.0,432280000000.0,268290000000.0,268290000000.0,154970000000.0,,109860000000.0,109220000000.0
58930000000,15580000000,9750000000,-3690000000.0,2240000000,-515780000,1720000000,1330000000.0,10150000000.0,9750000000,2023-03-31,ZYRX.JK,564420000000.0,84530000000.0,84530000000.0,84750000000.0,294440000000.0,287570000000.0,269980000000.0,269980000000.0,241330000000.0,,-207640000000.0,-208210000000.0
95350000000,15840000000,10490000000,-3940000000.0,5240000000,-2920000000,2320000000,1330000000.0,10890000000.0,10490000000,2023-06-30,ZYRX.JK,523380000000.0,6060000000.0,6060000000.0,84180000000.0,258920000000.0,252160000000.0,264459999999.0,264459999999.0,158700000000.0,,5960000000.0,5350000000.0
76510000000,32060000000,13720000000,-3330000000.0,6170000000,19670000000,25840000000,1330000000.0,14090000000.0,13720000000,2023-09-30,ZYRX.JK,515409999999.0,15550000000.0,15550000000.0,100660000000.0,225900000000.0,218490000000.0,289520000000.0,289520000000.0,141970000000.0,,-73900000000.0,-74450000000.0
58850000000,26530000000,30130000000,-3040000000.0,42810000000,-39740000000,3070000000,1330000000.0,30470000000.0,30130000000,2023-12-31,ZYRX.JK,491040000000.0,12700000000.0,12700000000.0,88800000000.0,201590000000.0,194000000000.0,289450000000.0,289450000000.0,123330000000.0,,133530000000.0,125660000000.0
34330000000,3440000000,-3630000000,-2660000000.0,-3990000000,24660000,-3960000000,1330000000.0,-3250000000.0,-3630000000,2024-03-31,ZYRX.JK,475530000000.0,5130000000.0,5130000000.0,95040000000.0,190060000000.0,182350000000.0,285470000000.0,285470000000.0,95640000000.0,,26710000000.0,20110000000.0
90350000000,18960000000,11430000000,-2400000000.0,10560000000,-5270000000,5290000000,1330000000.0,11750000000.0,11430000000,2024-06-30,ZYRX.JK,519720000000.0,37780000000.0,37780000000.0,88890000000.0,233900000000.0,226360000000.0,285810000000.0,285810000000.0,152010000000.0,,-19300000000.0,-22670000000.0
-17020000000,,-20750000000,,-20770000000,0,-20770000000,273200000.0,-20520000000.0,-20750000000,2022-12-31,OCAP.JK,3560000000.0,2069999999.0,2069999999.0,,230250000000.0,,-226680000000.0,-226680000000.0,218540000000.0,,-1490000000.0,-1520000000.0
7020000000,,5560000000,,5600000000,0,5600000000,273200000.0,5560000000.0,5560000000,2023-03-31,OCAP.JK,2420000000.0,1240000000.0,1240000000.0,,223500000000.0,,-221080000000.0,-221080000000.0,211520000000.0,,-829740000.0,-829740000.0
3140000000,,1569999999,,1589999999,0,1589999999,273200000.0,,1569999999,2023-06-30,OCAP.JK,12280000000.0,11060000000.0,11060000000.0,,231770000000.0,,-219490000000.0,-219490000000.0,219410000000.0,,-1200000000.0,
-5420000000,,-6860000000,,-6780000000,0,-6780000000,273200000.0,-6850000000.0,-6860000000,2023-09-30,OCAP.JK,11370000000.0,10160000000.0,10160000000.0,,237630000000.0,,-226260000000.0,-226260000000.0,224840000000.0,,-903730000.0,
-4770000000,,-6470000000,,-6390000000,0,-6390000000,273200000.0,-6460000000.0,-6470000000,2023-12-31,OCAP.JK,10440000000.0,9220000000.0,9220000000.0,,243070000000.0,,-232630000000.0,-232630000000.0,229500000000.0,,-1190000000.0,-1190000000.0
-2700000000,,-4420000000,,-4350000000,0,-4350000000,273200000.0,-4410000000.0,-4420000000,2024-03-31,OCAP.JK,9260000000.0,8039999999.0,8039999999.0,,246240000000.0,,-236980000000.0,-236980000000.0,232210000000.0,,-1180000000.0,-1180000000.0
-7070000000,,-8560000000,,-8529999999,0,-8529999999,273200000.0,-8560000000.0,-8560000000,2024-06-30,OCAP.JK,5050000000.0,3840000000.0,3840000000.0,,253720000000.0,,-248670000000.0,-248670000000.0,239280000000.0,,-1040000000.0,-1040000000.0
3630000000,1290000000,447250000,-1030000000.0,-581860000,-52520000,-634390000,954910000.0,1440000000.0,447250000,2022-12-31,FITT.JK,61940000000.0,3780000000.0,3780000000.0,57010000000.0,26580000000.0,5060000000.0,35350000000.0,35350000000.0,24520000000.0,,-923200000.0,-4350000000.0
2630000000,186470000,-1400000000,-953250000.0,-2290000000,10250000,-2280000000,954910000.0,-365170000.0,-1400000000,2023-03-31,FITT.JK,58650000000.0,1560000000.0,1560000000.0,56050000000.0,25580000000.0,4000000000.0,33070000000.0,33070000000.0,23640000000.0,,-1270000000.0,-1330000000.0
2890000000,861490000,-992150000,-810310000.0,-1780000000,10250000,-1770000000,954910000.0,45210000.0,-992150000,2023-06-30,FITT.JK,59120000000.0,1940000000.0,1940000000.0,55190000000.0,27810000000.0,6190000000.0,31310000000.0,31310000000.0,25750000000.0,,-1560000000.0,-1740000000.0
2620000000,522600000,-691630000,-803040000.0,-1490000000,10250000,-1480000000,954910000.0,338640000.0,-691630000,2023-09-30,FITT.JK,57620000000.0,1569999999.0,1569999999.0,54170000000.0,27790000000.0,6130000000.0,29830000000.0,29830000000.0,25780000000.0,,-402050000.0,-402050000.0
3690000000,1090000000,-1010000000,-813670000.0,-1839999999,6910000,-1830000000,954910000.0,14040000.0,-1010000000,2023-12-31,FITT.JK,57810000000.0,2860000000.0,2860000000.0,53160000000.0,29650000000.0,13560000000.0,28160000000.0,28160000000.0,27800000000.0,,-676840000.0,-732920000.0
4070000000,934510000,-1520000000,-942160000.0,-2460000000,9420000,-2450000000,954910000.0,-516500000.0,-1520000000,2024-03-31,FITT.JK,56600000000.0,1700000000.0,1700000000.0,52230000000.0,30900000000.0,14770000000.0,25700000000.0,25700000000.0,29200000000.0,,-2490000000.0,-2560000000.0
2820000000,29260000,-1450000000,-684610000.0,-2150000000,9420000,-2140000000,732600000.0,-486290000.0,-1450000000,2024-06-30,FITT.JK,73900000000.0,20580000000.0,20580000000.0,51330000000.0,33030000000.0,16860000000.0,40870000000.0,40870000000.0,31500000000.0,,-658970000.0,-716760000.0
25960000000,10720000000,4099999999,-6230000000.0,-10190000000,1880000000,435430000,1000000000.0,6930000000.0,4099999999,2022-12-31,MGNA.JK,136630000000.0,12020000000.0,12020000000.0,122160000000.0,91810000000.0,13510000000.0,44820000000.0,26170000000.0,67250000000.0,,-12820000000.0,-12820000000.0
9440000000,4590000000,2469999999,-1620000000.0,-2380000000,620440000,-1730000000,3410000000.0,3340000000.0,2469999999,2023-03-31,MGNA.JK,143380000000.0,14880000000.0,14880000000.0,119010000000.0,100320000000.0,22950000000.0,43060000000.0,24440000000.0,74770000000.0,,2340000000.0,2340000000.0
11730000000,6320000000,3530000000,-2060000000.0,-1839999999,644460000,-1170000000,3410000000.0,4400000000.0,3530000000,2023-06-30,MGNA.JK,139350000000.0,20280000000.0,20280000000.0,115790000000.0,97480000000.0,21380000000.0,41870000000.0,23260000000.0,70820000000.0,,2370000000.0,2360000000.0
14900000000,9290000000,6320000000,-1859999999.0,691200000,680500000,1340000000,3410000000.0,6850000000.0,6320000000,2023-09-30,MGNA.JK,133800000000.0,17660000000.0,17660000000.0,112710000000.0,90560000000.0,15350000000.0,43240000000.0,24610000000.0,64550000000.0,,4269999999.0,3840000000.0
11450000000,5590000000,2160000000,-1530000000.0,-776600000,330530000,-451420000,3410000000.0,3260000000.0,2160000000,2023-12-31,MGNA.JK,137039999999.0,23130000000.0,23130000000.0,110720000000.0,93950000000.0,19300000000.0,43080000000.0,24440000000.0,68950000000.0,,847850000.0,1150000000.0
8220000000,2800000000,-267860000,-1569999999.0,-1670000000,-15990000,-1650000000,3410000000.0,630460000.0,-267860000,2024-03-31,MGNA.JK,134669999999.0,14760000000.0,14760000000.0,115550000000.0,93270000000.0,18030000000.0,41400000000.0,22790000000.0,67420000000.0,,-1080000000.0,
11820000000,5800000000,3990000000,-1700000000.0,2100000000,-104000000,1950000000,3410000000.0,4910000000.0,3990000000,2024-06-30,MGNA.JK,133440000000.0,11520000000.0,11520000000.0,118490000000.0,97330000000.0,24520000000.0,36110000000.0,24740000000.0,70500000000.0,,4570000000.0,
204010000000,18940000000,-84980000,-8100000000.0,-5770000000,0,-5770000000,200000000.0,9670000000.0,-84980000,2022-09-30,CNTX.JK,645120000000.0,6340000000.0,6340000000.0,336160000000.0,873180000000.0,829230000000.0,-228060000000.0,-228060000000.0,701830000000.0,,-21080000000.0,-15410000000.0
174800000000,18800000000,4130000000,-9590000000.0,-7350000000,-184060000,-7530000000,200000000.0,15370000000.0,4130000000,2022-12-31,CNTX.JK,596810000000.0,4640000000.0,4640000000.0,319140000000.0,818480000000.0,783920000000.0,-221670000000.0,-221670000000.0,674750000000.0,,830240000.0,-2690000000.0
139920000000,9900000000,-5840000000,-9610000000.0,-16110000000,0,-16110000000,200000000.0,3890000000.0,-5840000000,2023-03-31,CNTX.JK,560630000000.0,8700000000.0,8700000000.0,309730000000.0,795200000000.0,760270000000.0,-234580000000.0,-234580000000.0,674760000000.0,,5540000000.0,4019999999.0
144030000000,9550000000,-4099999999,-10920000000.0,-28400000000,0,-28400000000,200000000.0,5310000000.0,-4099999999,2023-06-30,CNTX.JK,526429999999.0,4990000000.0,4990000000.0,299750000000.0,800250000000.0,766070000000.0,-273829999999.0,-273829999999.0,689290000000.0,,3060000000.0,-871490000.0
123230000000,7480000000,-6290000000,-10960000000.0,-17070000000,0,-17070000000,200000000.0,3180000000.0,-6290000000,2023-09-30,CNTX.JK,510550000000.0,10110000000.0,10110000000.0,290530000000.0,800170000000.0,766770000000.0,-289630000000.0,-289630000000.0,682090000000.0,,10420000000.0,9030000000.0
108110000000,-16930000000,-30910000000,-10820000000.0,-24580000000,-4130000,-24580000000,200000000.0,-21250000000.0,-30910000000,2023-12-31,CNTX.JK,504600000000.0,1160000000.0,1160000000.0,293630000000.0,829160000000.0,791990000000.0,-324570000000.0,-324570000000.0,718230000000.0,,-21890000000.0,-23270000000.0
112980000000,-609750000,-13060000000,-11480000000.0,-23510000000,0,-23510000000,200000000.0,-3100000000.0,-13060000000,2024-03-31,CNTX.JK,522500000000.0,3330000000.0,3330000000.0,292730000000.0,875900000000.0,838790000000.0,-353400000000.0,-353400000000.0,753250000000.0,,-9260000000.0,-9260000000.0
5890000000000,,1560000000000,,1560000000000,-354050000000,1200000000000,24930000000.0,,,2022-12-31,BNGA.JK,306750000000000.0,,,,261480000000000.0,,45280000000000.0,45190000000000.0,14170000000000.0,28930000000000,403770000000.0,221980000000.0
6650000000000,,1960000000000,,2020000000000,-415620000000,1580000000000,24930000000.0,,,2023-03-31,BNGA.JK,347280000000000.0,,,,300300000000000.0,,46980000000000.0,46880000000000.0,15610000000000.0,34040000000000,2360000000000.0,2330000000000.0
7400000000000,,2109999999999,,2140000000000,-466350000000,1650000000000,24930000000.0,,,2023-06-30,BNGA.JK,329680000000000.0,,,,283540000000000.0,,46150000000000.0,46040000000000.0,22090000000000.0,28530000000000,4420000000000.0,4340000000000.0
6400000000000,,2150000000000,,2160000000000,-476770000000,1670000000000,24930000000.0,,,2023-09-30,BNGA.JK,329130000000000.0,,,,281740000000000.0,,47390000000000.0,47270000000000.0,27060000000000.0,23000000000000,1160000000000.0,1080000000000.0
6300000000000,,2000000000000,,2040000000000,-447140000000,1569999999999,25020000000.0,,,2023-12-31,BNGA.JK,334370000000000.0,,,,285030000000000.0,,49340000000000.0,49190000000000.0,31020000000000.0,21360000000000,2460000000000.0,2360000000000.0
7520000000000,,2150000000000,,2170000000000,-478850000000,1680000000000,25100000000.0,,,2024-03-31,BNGA.JK,332990000000000.0,,,,281620000000000.0,,51370000000000.0,51210000000000.0,12860000000000.0,18780000000000,3320000000000.0,3200000000000.0
7370000000000,,2210000000000,,2220000000000,-467710000000,1730000000000,25140000000.0,,,2024-06-30,BNGA.JK,346690000000000.0,,,,296960000000000.0,,49730000000000.0,49570000000000.0,27490000000000.0,18500000000000,1430000000000.0,1290000000000.0
6870000000000,1210000000000,570980000000,-443880000000.0,255300000000,-138070000000,107750000000,3990000000.0,880670000000.0,570980000000,2022-12-31,IMAS.JK,57450000000000.0,4550000000000.0,4550000000000.0,34729999999999.0,43280000000000.0,30250000000000.0,14170000000000.0,11850000000000.0,35850000000000.0,,73260000000.0,-774010000000.0
7230000000000,1340000000000,584740000000,-488700000000.0,352260000000,-110950000000,178470000000,3990000000.0,894590000000.0,584740000000,2023-03-31,IMAS.JK,58380000000000.0,3690000000000.0,3690000000000.0,35710000000000.0,43990000000000.0,29770000000000.0,14390000000000.0,12020000000000.0,36020000000000.0,,-867850000000.0,-1410000000000.0
7020000000000,1480000000000,563840000000,-505860000000.0,271610000000,-86060000000,149800000000,3990000000.0,883870000000.0,563840000000,2023-06-30,IMAS.JK,58990000000000.0,3380000000000.0,3380000000000.0,35600000000000.0,44560000000000.0,28770000000000.0,14420000000000.0,12120000000000.0,36880000000000.0,,-1410000000000.0,-1980000000000.0
7680000000000,1410000000000,625670000000,-566770000000.0,156620000000,-61770000000,56890000000,3990000000.0,949670000000.0,625670000000,2023-09-30,IMAS.JK,60920000000000.0,3400000000000.0,3400000000000.0,36830000000000.0,46410000000000.0,27930000000000.0,14500000000000.0,12210000000000.0,39090000000000.0,,148740000000.0,-341100000000.0
6960000000000,1230000000000,158520000000,-590660000000.0,295050000000,-39410000000,247370000000,3990000000.0,502450000000.0,158520000000,2023-12-31,IMAS.JK,62910000000000.0,3550000000000.0,3550000000000.0,37850000000000.0,47440000000000.0,28850000000000.0,15470000000000.0,13120000000000.0,39660000000000.0,,135550000000.0,-544360000000.0
7280000000000,1320000000000,530299999999,-578050000000.0,126590000000,-73080000000,14670000000,3990000000.0,867180000000.0,530299999999,2024-03-31,IMAS.JK,63730000000000.0,3080000000000.0,3080000000000.0,38020000000000.0,48200000000000.0,29660000000000.0,15530000000000.0,13150000000000.0,41240000000000.0,,-1220000000000.0,-1620000000000.0
7110000000000,1380000000000,518140000000,-608960000000.0,124190000000,-77610000000,24790000000,3990000000.0,921870000000.0,518140000000,2024-06-30,IMAS.JK,65129999999999.0,2670000000000.0,2670000000000.0,38800000000000.0,49450000000000.0,25660000000000.0,15670000000000.0,13120000000000.0,42370000000000.0,,407330000000.0,-70320000000.0
770660000000,,-7090000000,,295020000000,16050000000,111100000000,4070000000.0,,,2022-12-31,PNIN.JK,35620000000000.0,,4370000000000.0,,4120000000000.0,,31500000000000.0,20470000000000.0,9530000000.0,,-689610000000.0,-699950000000.0
602790000000,,105580000000,,360960000000,-1600000000,210000000000,4070000000.0,,,2023-03-31,PNIN.JK,35930000000000.0,,4110000000000.0,,4040000000000.0,,31890000000000.0,20690000000000.0,8810000000.0,,-204600000000.0,-204710000000.0
636470000000,,50840000000,,579270000000,-5790000000,380560000000,4070000000.0,,,2023-06-30,PNIN.JK,36920000000000.0,,4670000000000.0,,4080000000000.0,,32840000000000.0,21490000000000.0,7700000000.0,,-41660000000.0,-41850000000.0
761680000000,,239380000000,,561460000000,-9590000000,375820000000,4070000000.0,,,2023-09-30,PNIN.JK,37130000000000.0,,4530000000000.0,,4190000000000.0,,32939999999999.0,21400000000000.0,6570000000.0,,50080000000.0,49270000000.0
17489999999999,,11670000000000,-5380000000000.0,2840000000000,-781280000000,-766890000000,4070000000.0,,,2023-12-31,PNIN.JK,236210000000000.0,,21770000000000.0,,172500000000000.0,,63720000000000.0,19870000000000.0,16270000000000.0,,4059999999999.0,3900000000000.0
5060000000000,,2630000000000,-1530000000000.0,1070000000000,-200000000000,283360000000,4070000000.0,,,2024-03-31,PNIN.JK,236330000000000.0,,19580000000000.0,,171740000000000.0,,64590000000000.0,20160000000000.0,16800000000000.0,,4830000000000.0,4830000000000.0
4760000000000,,2410000000000,-1580000000000.0,956630000000,-166100000000,243350000000,4070000000.0,,,2024-06-30,PNIN.JK,233740000000000.0,,17469999999999.0,,168570000000000.0,,65170000000000.0,20360000000000.0,14730000000000.0,,-2320000000000.0,-2480000000000.0
