total_revenue,operating_income,pretax_income,income_taxes,net_income,diluted_shares_outstanding,date,symbol,ebit,ebitda,gross_income,interest_expense_non_operating,total_assets,total_cash_and_due_from_banks,total_liabilities,total_debt,total_equity,stockholders_equity,total_current_liabilities,cash_and_short_term_investments,cash_only,total_non_current_assets,net_operating_cash_flow,free_cash_flow
4070000000000.0,983910000000.0,985330000000.0,-206240000000.0,779090000000.0,22950000000.0,2022-12-31,NISP.JK,,,,,238500000000000.0,12630000000000,204290000000000.0,18500000000000.0,34210000000000.0,34210000000000.0,,,,,1240000000000.0,1110000000000.0
4320000000000.0,1310000000000.0,1310000000000.0,-281260000000.0,1030000000000.0,22950000000.0,2023-03-31,NISP.JK,,,,,239870000000000.0,19410000000000,204510000000000.0,24500000000000.0,35360000000000.0,35360000000000.0,,,,,1660000000000.0,1569999999999.0
4430000000000.0,1320000000000.0,1320000000000.0,-282880000000.0,1040000000000.0,22950000000.0,2023-06-30,NISP.JK,,,,,245460000000000.0,6870000000000,210160000000000.0,20780000000000.0,35300000000000.0,35300000000000.0,,,,,2270000000000.0,2200000000000.0
4480000000000.0,1250000000000.0,1250000000000.0,-261610000000.0,988250000000.0,22950000000.0,2023-09-30,NISP.JK,,,,,247000000000000.0,9930000000000,211020000000000.0,17030000000000.0,35980000000000.0,35980000000000.0,,,,,-630110000000.0,-687500000000.0
4580000000000.0,1300000000000.0,1310000000000.0,-267670000000.0,1040000000000.0,22950000000.0,2023-12-31,NISP.JK,,,,,249760000000000.0,8820000000000,212440000000000.0,22860000000000.0,37320000000000.0,37320000000000.0,,,,,947590000000.0,764630000000.0
4620000000000.0,1480000000000.0,1480000000000.0,-313260000000.0,1170000000000.0,22950000000.0,2024-03-31,NISP.JK,,,,,252410000000000.0,12410000000000,215570000000000.0,22890000000000.0,36840000000000.0,36840000000000.0,,,,,-1170000000000.0,-1290000000000.0
4650000000000.0,1410000000000.0,1589999999999.0,-362240000000.0,1220000000000.0,22950000000.0,2024-06-30,NISP.JK,,,,,266480000000000.0,16030000000000,228490000000000.0,18560000000000.0,37990000000000.0,37990000000000.0,,,,,3630000000000.0,3490000000000.0
137480000000.0,2600000000.0,2630000000.0,-8080000000.0,-5460000000.0,3390000000.0,2022-12-31,BNBA.JK,,,,,8210000000000.0,1090000000000,5130000000000.0,3620000000.0,3080000000000.0,3080000000000.0,,,,,21600000000.0,14490000000.0
138370000000.0,9880000000.0,10270000000.0,-2260000000.0,8010000000.0,3390000000.0,2023-03-31,BNBA.JK,,,,,7880000000000.0,769550000000,4790000000000.0,3450000000.0,3080000000000.0,3080000000000.0,,,,,30640000000.0,29090000000.0
138820000000.0,5650000000.0,5750000000.0,-1270000000.0,4490000000.0,3390000000.0,2023-06-30,BNBA.JK,,,,,8180000000000.0,1010000000000,5090000000000.0,2810000000.0,3090000000000.0,3090000000000.0,,,,,72570000000.0,71800000000.0
131759999999.0,27520000000.0,24120000000.0,-5310000000.0,18810000000.0,3390000000.0,2023-09-30,BNBA.JK,,,,,8180000000000.0,928850000000,5070000000000.0,2130000000.0,3110000000000.0,3110000000000.0,,,,,-19150000000.0,-21010000000.0
139140000000.0,19620000000.0,17100000000.0,-4050000000.0,13050000000.0,3390000000.0,2023-12-31,BNBA.JK,,,,,7990000000000.0,1170000000000,4870000000000.0,1850000000.0,3120000000000.0,3120000000000.0,,,,,28540000000.0,28070000000.0
136470000000.0,36350000000.0,37380000000.0,-8220000000.0,29160000000.0,3390000000.0,2024-03-31,BNBA.JK,,,,,8410000000000.0,1210000000000,5260000000000.0,2320000000.0,3150000000000.0,3150000000000.0,,,,,435840000000.0,435670000000.0
141290000000.0,17930000000.0,18190000000.0,-4000000000.0,14180000000.0,3390000000.0,2024-06-30,BNBA.JK,,,,,8359999999999.0,1110000000000,5200000000000.0,1390000000.0,3170000000000.0,3170000000000.0,,,,,-435600000000.0,-436610000000.0
2069999999999.0,562120000000.0,567190000000.0,-107670000000.0,459520000000.0,1000000000.0,2022-12-31,ADMF.JK,,,,,24920000000000.0,1290000000000,14890000000000.0,10680000000000.0,10030000000000.0,10030000000000.0,,,,,-701140000000.0,-710030000000.0
2160000000000.0,534490000000.0,534580000000.0,-117540000000.0,417040000000.0,1000000000.0,2023-03-31,ADMF.JK,,,,,28550000000000.0,1400000000000,18100000000000.0,14300000000000.0,10450000000000.0,10450000000000.0,,,,,-3510000000000.0,-3540000000000.0
2230000000000.0,513490000000.0,513230000000.0,-111800000000.0,401420000000.0,1000000000.0,2023-06-30,ADMF.JK,,,,,28790000000000.0,1589999999999,18740000000000.0,15090000000000.0,10050000000000.0,10050000000000.0,,,,,234290000000.0,200150000000.0
2310000000000.0,651300000000.0,651400000000.0,-127110000000.0,524289999999.0,1000000000.0,2023-09-30,ADMF.JK,,,,,29670000000000.0,1839999999999,19090000000000.0,15610000000000.0,10580000000000.0,10580000000000.0,,,,,-202130000000.0,-212930000000.0
2540000000000.0,773590000000.0,773470000000.0,-172170000000.0,601300000000.0,1000000000.0,2023-12-31,ADMF.JK,,,,,31050000000000.0,1440000000000,19940000000000.0,16210000000000.0,11110000000000.0,11110000000000.0,,,,,-571470000000.0,-603010000000.0
2410000000000.0,546610000000.0,546700000000.0,-114580000000.0,432110000000.0,1000000000.0,2024-03-31,ADMF.JK,,,,,33740000000000.0,1720000000000,23180000000000.0,18740000000000.0,10560000000000.0,10560000000000.0,,,,,-1340000000000.0,-1370000000000.0
2490000000000.0,417070000000.0,417140000000.0,-84050000000.0,333090000000.0,1000000000.0,2024-06-30,ADMF.JK,,,,,35320000000000.0,3460000000000,24420000000000.0,21650000000000.0,10900000000000.0,10900000000000.0,,,,,-61770000000.0,-107920000000.0
919810000000.0,106000000000.0,124150000000.0,2320000000.0,126470000000.0,2100000000.0,2022-12-31,LIFE.JK,,,,,15520000000000.0,,7840000000000.0,9050000000.0,7680000000000.0,7680000000000.0,,,1359999999999,,-265750000000.0,-269140000000.0
705060000000.0,89040000000.0,68150000000.0,-471000000.0,67680000000.0,2100000000.0,2023-03-31,LIFE.JK,,,,0.0,15380000000000.0,,7590000000000.0,5620000000.0,7790000000000.0,7790000000000.0,,,887460000000,,-135020000000.0,-135910000000.0
824410000000.0,92060000000.0,91660000000.0,-1380000000.0,90280000000.0,2100000000.0,2023-06-30,LIFE.JK,,,,0.0,15380000000000.0,,7780000000000.0,2969999999.0,7600000000000.0,7600000000000.0,,,786720000000,,-119740000000.0,-119980000000.0
925080000000.0,-43800000000.0,-29200000000.0,1490000000.0,-27710000000.0,2100000000.0,2023-09-30,LIFE.JK,,,,,14740000000000.0,,7300000000000.0,549000000.0,7440000000000.0,7440000000000.0,,,874960000000,,-5080000000.0,-5320000000.0
834040000000.0,-445000000.0,-3100000000.0,-656000000.0,-3760000000.0,2100000000.0,2023-12-31,LIFE.JK,,,,,14920000000000.0,,7430000000000.0,14700000000.0,7490000000000.0,7490000000000.0,,,780820000000,,113550000000.0,112790000000.0
1010000000000.0,75110000000.0,86440000000.0,612000000.0,87060000000.0,2100000000.0,2024-03-31,LIFE.JK,,,,,14830000000000.0,,7280000000000.0,12630000000.0,7550000000000.0,7550000000000.0,,,694670000000,,-122630000000.0,-123140000000.0
774660000000.0,47140000000.0,63070000000.0,863000000.0,63930000000.0,2100000000.0,2024-06-30,LIFE.JK,,,,,14520000000000.0,,7070000000000.0,10350000000.0,7450000000000.0,7450000000000.0,,,668650000000,,-4250000000.0,-6670000000.0
141860000000.0,-13650000000.0,-15180000000.0,2740000000.0,-12450000000.0,833330000.0,2022-12-31,SAPX.JK,-13650000000,-7380000000,33979999999,-929000000.0,249810000000.0,,80480000000.0,29680000000.0,169340000000.0,169340000000.0,68300000000,44160000000,42530000000,72210000000,-63510000000.0,-33619999999.0
145230000000.0,679620000.0,403210000.0,-71930000.0,331280000.0,833330000.0,2023-03-31,SAPX.JK,679620000,5550000000,36010000000,-869420000.0,255760000000.0,,86340000000.0,17480000000.0,169420000000.0,169420000000.0,74860000000,43870000000,42200000000,69030000000,2560000000.0,2000000000.0
146700000000.0,1750000000.0,1040000000.0,-245290000.0,791980000.0,833330000.0,2023-06-30,SAPX.JK,1750000000,6230000000,39600000000,-1210000000.0,269990000000.0,,99470000000.0,52380000000.0,170520000000.0,170520000000.0,87990000000,55420000000,55420000000,65170000000,1410000000.0,-5420000000.0
156980000000.0,8170000000.0,6520000000.0,-1260000000.0,5260000000.0,833330000.0,2023-09-30,SAPX.JK,8170000000,11320000000,36610000000,-1819999999.0,295620000000.0,,119150000000.0,69450000000.0,176470000000.0,176470000000.0,110490000000,68170000000,68170000000,70020000000,4910000000.0,-8470000000.0
173280000000.0,-6740000000.0,-6830000000.0,1609999999.0,-5230000000.0,833330000.0,2023-12-31,SAPX.JK,-6740000000,-351740000,32680000000,-1580000000.0,324160000000.0,,147100000000.0,73420000000.0,177070000000.0,177070000000.0,139350000000,80250000000,80250000000,77190000000,-9220000000.0,898530000.0
189960000000.0,3330000000.0,2920000000.0,-641820000.0,2280000000.0,833330000.0,2024-03-31,SAPX.JK,3330000000,7780000000,38900000000,-1710000000.0,332380000000.0,,153040000000.0,64700000000.0,179340000000.0,179340000000.0,145300000000,74210000000,74210000000,74450000000,6420000000.0,5710000000.0
168400000000.0,3719999999.0,3250000000.0,-714250000.0,2530000000.0,833330000.0,2024-06-30,SAPX.JK,3719999999,8050000000,34840000000,-2270000000.0,351630000000.0,,169760000000.0,106210000000.0,181870000000.0,181870000000.0,162070000000,90680000000,90680000000,72300000000,-22460000000.0,-24040000000.0
5950000000.0,126080000.0,125160000.0,-38670000.0,86490000.0,1750000000.0,2021-12-31,UDNG.JK,126080000,401370000,1569999999,,3420000000.0,,478820000.0,0.0,2940000000.0,2940000000.0,409550000,181240000,181240000,1330000000,-243150000.0,-542670000.0
3990000000.0,43030000.0,42380000.0,-58910000.0,-16530000.0,1750000000.0,2022-12-31,UDNG.JK,43030000,372510000,457960000,,7210000000.0,,809190000.0,0.0,6400000000.0,6400000000.0,697000000,77280000,77280000,3850000000,1500000000.0,-1350000000.0
8350000000.0,231060000.0,261450000.0,-94450000.0,166990000.0,1140000000.0,2023-12-31,UDNG.JK,231060000,1060000000,2260000000,-4820000.0,60220000000.0,,1330000000.0,99010000.0,58890000000.0,58890000000.0,1160000000,25940000000,25940000000,31700000000,-1150000000.0,-26570000000.0
50490000000.0,9210000000.0,9450000000.0,-2370000000.0,7080000000.0,1380000000.0,2023-03-31,DATA.JK,9210000000,11910000000,22580000000,-19020000.0,,,,,,,,,,,26760000000.0,1280000000.0
54730000000.0,15500000000.0,14200000000.0,-3060000000.0,11130000000.0,1380000000.0,2023-06-30,DATA.JK,15500000000,18430000000,31740000000,-132240000.0,,,,,,,,,,,-15440000000.0,-7689999999.0
58750000000.0,15540000000.0,15140000000.0,-3440000000.0,11700000000.0,1100000000.0,2024-03-31,DATA.JK,15540000000,19560000000,36840000000,-553750000.0,158030000000.0,,54910000000.0,28250000000.0,103120000000.0,103120000000.0,42730000000.0,5620000000.0,5620000000.0,108400000000.0,-4320000000.0,-7600000000.0
68730000000.0,25060000000.0,23640000000.0,-6140000000.0,17480000000.0,1380000000.0,2024-06-30,DATA.JK,25060000000,29400000000,45020000000,-271890000.0,212510000000.0,,41430000000.0,8289999999.0,171080000000.0,170490000000.0,28890000000.0,15460000000.0,15460000000.0,140340000000.0,17780000000.0,2680000000.0
78590000000.0,13000000000.0,3170000000.0,-1080000000.0,2089999999.0,588000000.0,2022-12-31,TIRA.JK,13000000000,14600000000,29730000000,-3500000000.0,351090000000.0,,183690000000.0,101120000000.0,167400000000.0,167400000000.0,136729999999,14590000000,12550000000,181880000000,-3960000000.0,-4240000000.0
71770000000.0,4950000000.0,2620000000.0,-231140000.0,2390000000.0,588000000.0,2023-03-31,TIRA.JK,4950000000,6900000000,24100000000,-2580000000.0,355790000000.0,,185750000000.0,106770000000.0,170040000000.0,170040000000.0,135130000000,7900000000,5860000000,189050000000,-3680000000.0,-4019999999.0
61010000000.0,-589260000.0,-2530000000.0,165410000.0,-2360000000.0,588000000.0,2023-06-30,TIRA.JK,-589260000,-209930000,15020000000,-2080000000.0,368760000000.0,,201380000000.0,111740000000.0,167380000000.0,167380000000.0,151000000000,8480000000,6440000000,195280000000,-2490000000.0,-2610000000.0
64540000000.0,1450000000.0,1070000000.0,-245080000.0,820570000.0,588000000.0,2023-09-30,TIRA.JK,1450000000,1710000000,28670000000,-2220000000.0,356780000000.0,,185260000000.0,90910000000.0,171520000000.0,171520000000.0,136020000000,8230000000,8230000000,181800000000,15230000000.0,14600000000.0
62550000000.0,4850000000.0,533080000.0,-126850000.0,406230000.0,588000000.0,2023-12-31,TIRA.JK,4850000000,6600000000,22010000000,-2080000000.0,345920000000.0,,178080000000.0,84400000000.0,167850000000.0,167850000000.0,127820000000,8390000000,6360000000,189480000000,19830000000.0,14290000000.0
63080000000.0,2120000000.0,144210000.0,-82070000.0,62140000.0,588000000.0,2024-03-31,TIRA.JK,2120000000,3370000000,21470000000,-2120000000.0,366800000000.0,,197270000000.0,79260000000.0,169530000000.0,168690000000.0,147790000000,13220000000,13220000000,182030000000,,
71830000000.0,1410000000.0,1230000000.0,-259800000.0,933110000.0,588800000.0,2024-06-30,TIRA.JK,1410000000,3770000000,20420000000,-2109999999.0,377620000000.0,,207220000000.0,95180000000.0,170390000000.0,170390000000.0,160770000000,13380000000,13380000000,188070000000,,
14070000000.0,4130000000.0,-4580000000.0,-420000000.0,-5000000000.0,1380000000.0,2022-12-31,SATU.JK,4130000000,5300000000,5960000000,-532919999.0,237980000000.0,,176860000000.0,107470000000.0,61110000000.0,59340000000.0,74030000000,3880000000,3880000000,98760000000,4910000000.0,5230000000.0
5880000000.0,-259190000.0,-858800000.0,-87140000.0,-914790000.0,1250000000.0,2023-03-31,SATU.JK,-259190000,917840000,2190000000,-525240000.0,234320000000.0,,174170000000.0,105210000000.0,60160000000.0,58420000000.0,73220000000,2770000000,2770000000,97490000000,745520000.0,745520000.0
4320000000.0,-755430000.0,-1260000000.0,36390000.0,-1230000000.0,1380000000.0,2023-06-30,SATU.JK,-755430000,408500000,1880000000,-568510000.0,235590000000.0,,176670000000.0,98840000000.0,58920000000.0,57180000000.0,81780000000,3440000000,3440000000,96620000000,6610000000.0,6600000000.0
8279999999.0,987630000.0,379400000.0,8430000.0,377960000.0,1380000000.0,2023-09-30,SATU.JK,987630000,2200000000,3660000000,-506100000.0,236650000000.0,,177360000000.0,96670000000.0,59290000000.0,57540000000.0,82880000000,5420000000,5420000000,95490000000,3510000000.0,3000000000.0
9520000000.0,903860000.0,-2060000000.0,-34820000.0,-2130000000.0,1380000000.0,2023-12-31,SATU.JK,903860000,1920000000,3570000000,-666960000.0,230350000000.0,,173100000000.0,93170000000.0,57250000000.0,55460000000.0,84680000000,5980000000,5980000000,95150000000,4490000000.0,4080000000.0
4950000000.0,-881120000.0,-1500000000.0,-845920.0,-1470000000.0,1250000000.0,2024-03-31,SATU.JK,-881120000,182980000,1960000000,-495310000.0,227620000000.0,,171890000000.0,92560000000.0,55730000000.0,53970000000.0,83750000000,4570000000,4570000000,94120000000,657230000.0,539130000.0
5600000000.0,-414410000.0,-1030000000.0,-2450000.0,-1050000000.0,1380000000.0,2024-06-30,SATU.JK,-414410000,165920000,2600000000,-503490000.0,233230000000.0,,178550000000.0,90740000000.0,54680000000.0,52900000000.0,91890000000,10850000000,10850000000,93210000000,2340000000.0,2089999999.0
705610000000.0,169230000000.0,467480000000.0,17670000000.0,420290000000.0,32020000000.0,2022-12-31,PNLF.JK,,,,-783000000.0,33799999999999.0,,4120000000000.0,9530000000.0,29680000000000.0,27810000000000.0,,,3580000000000,,223410000000.0,213070000000.0
591830000000.0,141240000000.0,395820000000.0,-1600000000.0,360860000000.0,32020000000.0,2023-03-31,PNLF.JK,,,,-800000000.0,34140000000000.0,,4040000000000.0,8810000000.0,30100000000000.0,28190000000000.0,,,3340000000000,,-92260000000.0,-92450000000.0
612130000000.0,148000000000.0,676380000000.0,-5790000000.0,631520000000.0,32020000000.0,2023-06-30,PNLF.JK,,,,-51000000.0,35240000000000.0,,4080000000000.0,7700000000.0,31160000000000.0,29200000000000.0,,,3870000000000,,65190000000.0,65069999999.0
742830000000.0,160690000000.0,481190000000.0,-9590000000.0,426470000000.0,32020000000.0,2023-09-30,PNLF.JK,,,,-1569999999.0,35370000000000.0,,4190000000000.0,6570000000.0,31180000000000.0,29290000000000.0,,,3710000000000,,197560000000.0,196750000000.0
17760000000000.0,9070000000000.0,2850000000000.0,-781280000000.0,91640000000.0,32020000000.0,2023-12-31,PNLF.JK,,,,-5380000000000.0,234490000000000.0,,172510000000000.0,2810000000000.0,61980000000000.0,27860000000000.0,,,16590000000000,,4019999999999.0,3860000000000.0
5060000000000.0,2640000000000.0,1070000000000.0,-200000000000.0,418860000000.0,32020000000.0,2024-03-31,PNLF.JK,,,,-1550000000000.0,234630000000000.0,,171780000000000.0,16800000000000.0,62850000000000.0,28280000000000.0,,,18740000000000,,4950000000000.0,4950000000000.0
4710000000000.0,2550000000000.0,932590000000.0,-166100000000.0,378390000000.0,32020000000.0,2024-06-30,PNLF.JK,,,,-1580000000000.0,232030000000000.0,,168660000000000.0,14730000000000.0,63370000000000.0,28530000000000.0,,,16590000000000,,-2170000000000.0,-2330000000000.0
228420000000.0,728710000.0,3050000000.0,-535350000.0,2490000000.0,2290000000.0,2022-12-31,UFOE.JK,728710000,1650000000,16640000000,-2200000000.0,430210000000.0,,233210000000.0,93610000000.0,197000000000.0,196510000000.0,208550000000,13980000000,13980000000,218030000000,27440000000.0,36280000000.0
212410000000.0,4630000000.0,3560000000.0,-1100000000.0,2440000000.0,2290000000.0,2023-03-31,UFOE.JK,4630000000,7700000000,21290000000,-1930000000.0,437070000000.0,,237620000000.0,109720000000.0,199450000000.0,198940000000.0,214650000000,5220000000,5220000000,224320000000,-21370000000.0,-22260000000.0
222890000000.0,3390000000.0,4450000000.0,-949700000.0,3480000000.0,2290000000.0,2023-06-30,UFOE.JK,3390000000,6340000000,20570000000,-2009999999.0,457590000000.0,,254640000000.0,114730000000.0,202950000000.0,202410000000.0,232380000000,9140000000,9140000000,228620000000,563280000.0,-3700000000.0
206800000000.0,3730000000.0,6810000000.0,-1430000000.0,5340000000.0,2290000000.0,2023-09-30,UFOE.JK,3730000000,6720000000,20030000000,-2400000000.0,453970000000.0,,245650000000.0,117090000000.0,208330000000.0,207740000000.0,224430000000,7080000000,7080000000,227660000000,-3750000000.0,-4130000000.0
239680000000.0,-3990000000.0,3590000000.0,-1880000000.0,1680000000.0,2290000000.0,2023-12-31,UFOE.JK,-3990000000,-810060000,14970000000,-2270000000.0,450990000000.0,,240200000000.0,93330000000.0,210790000000.0,210180000000.0,222760000000,11390000000,11390000000,235160000000,37130000000.0,28910000000.0
233030000000.0,2140000000.0,3620000000.0,-853700000.0,2750000000.0,2290000000.0,2024-03-31,UFOE.JK,2140000000,5910000000,20250000000,-1830000000.0,481460000000.0,,267730000000.0,96900000000.0,213740000000.0,213110000000.0,251820000000,14010000000,14010000000,237300000000,3380000000.0,-944460000.0
250500000000.0,3719999999.0,5650000000.0,-1630000000.0,3990000000.0,2290000000.0,2024-06-30,UFOE.JK,3719999999,6840000000,25400000000,-1980000000.0,488010000000.0,,270070000000.0,114070000000.0,217940000000.0,217280000000.0,255650000000,9930000000,9930000000,245620000000,-8810000000.0,-20990000000.0
6010000000.0,2310000000.0,254260000.0,-60150000.0,194110000.0,1880000000.0,2022-09-30,CBMF.JK,2310000000.0,4080000000.0,3350000000.0,-2060000000.0,365130000000.0,,113730000000.0,72000000000.0,251400000000.0,251400000000.0,112950000000.0,391290000.0,391290000.0,136750000000.0,213470000.0,213470000.0
5560000000.0,-829740000.0,-2600000000.0,423620000.0,-2180000000.0,1880000000.0,2022-12-31,CBMF.JK,-829740000.0,1030000000.0,76370000.0,-1770000000.0,365810000000.0,,116210000000.0,72000000000.0,249600000000.0,249600000000.0,115780000000.0,75590000.0,75590000.0,135520000000.0,113190000.0,-315700000.0
1819999999.0,-2069999999.0,-4080000000.0,0.0,-4080000000.0,1880000000.0,2023-03-31,CBMF.JK,-2069999999.0,-755880000.0,49550000.0,-2009999999.0,364540000000.0,,119020000000.0,72000000000.0,245520000000.0,245520000000.0,118590000000.0,87260000.0,87260000.0,134199999999.0,11670000.0,11670000.0
,,,,,,2023-06-30,CBMF.JK,,,,,,,,,,,,,,,,
,,,,,,2023-09-30,CBMF.JK,,,,,,,,,,,,,,,,
,,,,,,2023-12-31,CBMF.JK,,,,,,,,,,,,,,,,
,,,,,,2024-03-31,CBMF.JK,,,,,,,,,,,,,,,,
25490000000.0,-2830000000.0,-16640000000.0,3640000000.0,-13000000000.0,4750000000.0,2022-09-30,SBAT.JK,-2830000000.0,2420000000.0,3240000000.0,-11390000000.0,688460000000.0,,468140000000.0,340130000000.0,220320000000.0,220320000000.0,412350000000.0,9370000000.0,9370000000.0,338090000000.0,-936360000.0,-1300000000.0
24030000000.0,-11200000000.0,-35420000000.0,-13760000000.0,-49180000000.0,4750000000.0,2022-12-31,SBAT.JK,-11200000000.0,-5540000000.0,3570000000.0,-11190000000.0,657660000000.0,,486250000000.0,338570000000.0,171400000000.0,171400000000.0,462970000000.0,5830000000.0,5830000000.0,415120000000.0,-3010000000.0,-3010000000.0
4790000000.0,-12500000000.0,-26610000000.0,0.0,-26610000000.0,572780000.0,2023-03-31,SBAT.JK,-12500000000.0,-7400000000.0,-6540000000.0,-11190000000.0,641210000000.0,,496420000000.0,338060000000.0,144790000000.0,144790000000.0,473390000000.0,3100000000.0,3100000000.0,410950000000.0,-2630000000.0,-2630000000.0
6300000000.0,1510000000.0,2320000000.0,5500000000.0,7820000000.0,4750000000.0,2023-06-30,SBAT.JK,1510000000.0,,5710000000.0,-99590000.0,648450000000.0,,495830000000.0,338000000000.0,152620000000.0,152620000000.0,472800000000.0,4680000000.0,4680000000.0,410270000000.0,-394640000.0,-394640000.0
0.0,-6939999999.0,-6530000000.0,1440000000.0,-5090000000.0,2920000000.0,2023-09-30,SBAT.JK,-6939999999.0,-1870000000.0,-5080000000.0,-27980000.0,643070000000.0,,495540000000.0,338000000000.0,147530000000.0,147520000000.0,472520000000.0,1670000000.0,1670000000.0,406620000000.0,-3460000000.0,-3460000000.0
,,,,,,2023-12-31,SBAT.JK,,,,,,,,,,,,,,,,
,,,,,,2024-03-31,SBAT.JK,,,,,,,,,,,,,,,,
,,,,,,2022-09-30,SUGI.JK,,,,,,,,,,,,,,,,
,,,,,,2022-12-31,SUGI.JK,,,,,,,,,,,,,,,,
,,,,,,2023-03-31,SUGI.JK,,,,,,,,,,,,,,,,
,,,,,,2023-06-30,SUGI.JK,,,,,,,,,,,,,,,,
,,,,,,2023-09-30,SUGI.JK,,,,,,,,,,,,,,,,
,,,,,,2023-12-31,SUGI.JK,,,,,,,,,,,,,,,,
,,,,,,2024-03-31,SUGI.JK,,,,,,,,,,,,,,,,
26250000000000.0,14670000000000.0,14660000000000.0,-2880000000000.0,11780000000000.0,123280000000.0,2022-12-31,BBCA.JK,,,,,1314730000000000.0,144150000000000,1093550000000000.0,10300000000000.0,221180000000000.0,221020000000000.0,,,,,15050000000000.0,13970000000000.0
27070000000000.0,14180000000000.0,14220000000000.0,-2690000000000.0,11530000000000.0,123280000000.0,2023-03-31,BBCA.JK,,,,,1321720000000000.0,147030000000000,1110300000000000.0,9730000000000.0,211430000000000.0,211260000000000.0,,,,,8520000000000.0,6900000000000.0
27820000000000.0,15660000000000.0,15660000000000.0,-3000000000000.0,12660000000000.0,123280000000.0,2023-06-30,BBCA.JK,,,,,1356760000000000.0,139050000000000,1131990000000000.0,13310000000000.0,224770000000000.0,224600000000000.0,,,,,16149999999999.0,15780000000000.0
28400000000000.0,15110000000000.0,15130000000000.0,-2890000000000.0,12230000000000.0,123280000000.0,2023-09-30,BBCA.JK,,,,,1381450000000000.0,124010000000000,1145520000000000.0,9980000000000.0,235930000000000.0,235750000000000.0,,,,,15080000000000.0,13900000000000.0
28340000000000.0,15480000000000.0,15170000000000.0,-2950000000000.0,12220000000000.0,123280000000.0,2023-12-31,BBCA.JK,,,,,1408110000000000.0,115070000000000,1165570000000000.0,13500000000000.0,242540000000000.0,242360000000000.0,,,,,12930000000000.0,10990000000000.0
29770000000000.0,15920000000000.0,15920000000000.0,-3040000000000.0,12880000000000.0,123280000000.0,2024-03-31,BBCA.JK,,,,,1444010000000000.0,127760000000000,1216670000000000.0,13730000000000.0,227340000000000.0,227160000000000.0,,,,,9810000000000.0,9370000000000.0
29170000000000.0,17300000000000.0,17309999999999.0,-3310000000000.0,14000000000000.0,123280000000.0,2024-06-30,BBCA.JK,,,,,1425420000000000.0,96940000000000,1184560000000000.0,10800000000000.0,240860000000000.0,240680000000000.0,,,,,20160000000000.0,19780000000000.0
26050000000.0,12180000000.0,12000000000.0,-2230000000.0,9770000000.0,4130000000.0,2022-12-31,EAST.JK,12180000000,13760000000,19000000000,-138380000.0,273990000000.0,,24290000000.0,5740000000.0,249700000000.0,249700000000.0,17200000000,10550000000,10550000000,258100000000,13020000000.0,10180000000.0
24390000000.0,10020000000.0,9950000000.0,-1890000000.0,8060000000.0,4130000000.0,2023-03-31,EAST.JK,10020000000,11630000000,16770000000,-95360000.0,280170000000.0,,32130000000.0,3630000000.0,248040000000.0,248040000000.0,24830000000,13710000000,13710000000,259350000000,9270000000.0,5190000000.0
25150000000.0,11130000000.0,11090000000.0,-2100000000.0,9000000000.0,4130000000.0,2023-06-30,EAST.JK,11130000000,12750000000,18040000000,-89550000.0,270890000000.0,,21910000000.0,3030000000.0,248980000000.0,248980000000.0,14300000000,4500000000,4500000000,261470000000,11660000000.0,9240000000.0
25820000000.0,10910000000.0,10830000000.0,-2060000000.0,8780000000.0,4130000000.0,2023-09-30,EAST.JK,10910000000,12730000000,18230000000,-77790000.0,270510000000.0,,20180000000.0,3520000000.0,250330000000.0,250330000000.0,12320000000,3370000000,3370000000,259390000000,7960000000.0,5810000000.0
30990000000.0,15740000000.0,15560000000.0,-2960000000.0,12610000000.0,4130000000.0,2023-12-31,EAST.JK,15740000000,17580000000,23130000000,-133840000.0,483470000000.0,,21300000000.0,2450000000.0,462160000000.0,462160000000.0,13060000000,7280000000,7280000000,468780000000,17980000000.0,15810000000.0
22500000000.0,8320000000.0,8420000000.0,-1569999999.0,6850000000.0,4130000000.0,2024-03-31,EAST.JK,8320000000,9760000000,15790000000,-43520000.0,489750000000.0,,20740000000.0,3750000000.0,469010000000.0,469010000000.0,12160000000,9590000000,5470000000,468110000000,4700000000.0,3890000000.0
26010000000.0,10860000000.0,10620000000.0,-2049999999.0,8580000000.0,4130000000.0,2024-06-30,EAST.JK,10860000000,12700000000,19080000000,-43730000.0,487560000000.0,,26270000000.0,6750000000.0,461290000000.0,461290000000.0,17320000000,10310000000,4000000000,467330000000,12420000000.0,11360000000.0
162300000000.0,33310000000.0,25040000000.0,8300000000.0,33350000000.0,27630000000.0,2022-12-31,AGRS.JK,,,,,18300000000000.0,3540000000000,14140000000000.0,5580000000000.0,4170000000000.0,4170000000000.0,,,,,196340000000.0,172240000000.0
481870000000.0,55760000000.0,55760000000.0,0.0,55760000000.0,27650000000.0,2023-03-31,AGRS.JK,,,,,19190000000000.0,1760000000000,14960000000000.0,5090000000000.0,4230000000000.0,4230000000000.0,,,,,-606910000000.0,-607280000000.0
514590000000.0,45330000000.0,45370000000.0,0.0,45370000000.0,27630000000.0,2023-06-30,AGRS.JK,,,,,19170000000000.0,1600000000000,14860000000000.0,5680000000000.0,4300000000000.0,4300000000000.0,,,,,-1330000000000.0,-1330000000000.0
553990000000.0,53770000000.0,53770000000.0,0.0,53770000000.0,27650000000.0,2023-09-30,AGRS.JK,,,,,19590000000000.0,1800000000000,15260000000000.0,5650000000000.0,4330000000000.0,4330000000000.0,,,,,1660000000000.0,1650000000000.0
145400000000.0,21740000000.0,21730000000.0,6650000000.0,28380000000.0,37760000000.0,2023-12-31,AGRS.JK,,,,,19380000000000.0,1720000000000,14010000000000.0,4910000000000.0,5370000000000.0,5370000000000.0,,,,,809890000000.0,790000000000.0
539010000000.0,58870000000.0,58870000000.0,-12950000000.0,45920000000.0,37760000000.0,2024-03-31,AGRS.JK,,,,,19350000000000.0,1790000000000,13930000000000.0,3950000000000.0,5410000000000.0,5410000000000.0,,,,,489480000000.0,485820000000.0
554340000000.0,76430000000.0,76450000000.0,-8900000000.0,67550000000.0,37760000000.0,2024-06-30,AGRS.JK,,,,,20010000000000.0,1310000000000,14550000000000.0,4570000000000.0,5460000000000.0,5460000000000.0,,,,,-402430000000.0,-404170000000.0
22470000000.0,2550000000.0,1750000000.0,-404260000.0,1650000000.0,4290000000.0,H1 '23-12-31,NANO.JK,2550000000,4150000000,10710000000,-617230000.0,181640000000.0,,15350000000.0,11920000000.0,166290000000.0,162570000000.0,13700000000,3510000000,3510000000,103930000000,-6580000000.0,-8470000000.0
61350000000.0,-1070000000.0,-1130000000.0,-68120000.0,-293940000.0,4290000000.0,H2 '23-12-31,NANO.JK,-1070000000,684150000,11560000000,-1170000000.0,202820000000.0,,34210000000.0,11680000000.0,168610000000.0,163040000000.0,31990000000,3719999999,3719999999,103580000000,1560000000.0,1569999999.0
49060000000.0,2450000000.0,1790000000.0,-461420000.0,651140000.0,4290000000.0,H1 '24-12-31,NANO.JK,2450000000,4480000000,11950000000,-1000000000.0,196790000000.0,,26860000000.0,12440000000.0,169940000000.0,163690000000.0,24890000000,2150000000,2150000000,101890000000,-4290000000.0,-4520000000.0
31220000000.0,837980000.0,356890000.0,632670000.0,989560000.0,833330000.0,2022-12-31,IKAN.JK,837980000,1600000000,3930000000,-879270000.0,125640000000.0,,52880000000.0,48280000000.0,72760000000.0,72760000000.0,49180000000,8050000000,8050000000,31540000000,33860000.0,-1410000000.0
28390000000.0,1450000000.0,227390000.0,-60090000.0,167310000.0,833330000.0,2023-03-31,IKAN.JK,1450000000,2300000000,5040000000,-930040000.0,128759999999.0,,55840000000.0,45940000000.0,72920000000.0,72920000000.0,53190000000,538060000,538060000,30580000000,-7090000000.0,-7090000000.0
43650000000.0,2640000000.0,744400000.0,-157400000.0,587010000.0,833330000.0,2023-06-30,IKAN.JK,2640000000,3540000000,8039999999,-1170000000.0,125960000000.0,,52450000000.0,40750000000.0,73510000000.0,73510000000.0,48690000000,3660000000,3660000000,30480000000,8980000000.0,8020000000.0
31720000000.0,7770000.0,-419130000.0,64440000.0,-354680000.0,833330000.0,2023-09-30,IKAN.JK,7770000,938420000,4920000000,-1040000000.0,125670000000.0,,52510000000.0,43300000000.0,73160000000.0,73160000000.0,48120000000,1510000000,1510000000,29830000000,-4570000000.0,-4939999999.0
40050000000.0,2420000000.0,696590000.0,-161970000.0,534620000.0,833330000.0,2023-12-31,IKAN.JK,2420000000,3320000000,8460000000,-1000000000.0,141190000000.0,,67500000000.0,46690000000.0,73690000000.0,73690000000.0,63730000000,1870000000,1870000000,28720000000,-3370000000.0,-3320000000.0
32880000000.0,616870000.0,175040000.0,27980000.0,203020000.0,833330000.0,2024-03-31,IKAN.JK,616870000,1520000000,4280000000,-999460000.0,136520000000.0,,62630000000.0,40700000000.0,73890000000.0,73890000000.0,59390000000,1470000000,1470000000,27820000000,4760000000.0,4740000000.0
22900000000.0,929720000.0,47940000.0,15070000.0,63010000.0,833330000.0,2024-06-30,IKAN.JK,929720000,1830000000,5130000000,-1030000000.0,135210000000.0,,61260000000.0,48220000000.0,73950000000.0,73950000000.0,58210000000,1460000000,1460000000,26800000000,-7520000000.0,-7540000000.0
,,,,,,2022-09-30,LMAS.JK,,,,,,,,,,,,,,,,
,,,,,,2022-12-31,LMAS.JK,,,,,,,,,,,,,,,,
,,,,,,2023-03-31,LMAS.JK,,,,,,,,,,,,,,,,
,,,,,,2023-06-30,LMAS.JK,,,,,,,,,,,,,,,,
,,,,,,2023-09-30,LMAS.JK,,,,,,,,,,,,,,,,
,,,,,,2023-12-31,LMAS.JK,,,,,,,,,,,,,,,,
,,,,,,2024-03-31,LMAS.JK,,,,,,,,,,,,,,,,
10980000000.0,-1920000000.0,-2250000000.0,0.0,-2250000000.0,1900000000.0,H1 '23-12-31,OLIV.JK,-1920000000,-802460000,1450000000,-390110000.0,62210000000.0,,10310000000.0,8950000000.0,51900000000.0,51890000000.0,8140000000,4340000000,4340000000,9140000000,-2060000000.0,-2060000000.0
9300000000.0,-970840000.0,-1670000000.0,685880000.0,-981210000.0,1900000000.0,H2 '23-12-31,OLIV.JK,-970840000,102870000,128650000,-762260000.0,62670000000.0,,11750000000.0,9000000000.0,50920000000.0,50910000000.0,10420000000,2000000000,2000000000,13230000000,2069999999.0,-2410000000.0
5330000000.0,-2240000000.0,-2550000000.0,0.0,-2550000000.0,1900000000.0,H1 '24-12-31,OLIV.JK,-2240000000,-1100000000,-119950000,-482140000.0,58200000000.0,,9840000000.0,8539999999.0,48370000000.0,48360000000.0,8510000000,369000000,369000000,12090000000,-1190000000.0,-1190000000.0
26130000000.0,647890000.0,1250000000.0,-433160000.0,829580000.0,715750000.0,2022-12-31,LUCK.JK,647890000,3220000000,6370000000,-132130000.0,174740000000.0,,38370000000.0,19290000000.0,136370000000.0,136289999999.0,29160000000,38230000000,35230000000,71540000000,8550000000.0,8350000000.0
27460000000.0,414330000.0,481680000.0,-324800000.0,163010000.0,715750000.0,2023-03-31,LUCK.JK,414330000,3320000000,7380000000,-41810000.0,171690000000.0,,35180000000.0,18420000000.0,136509999999.0,136430000000.0,25780000000,36790000000,33790000000,70490000000,1270000000.0,-554840000.0
24200000000.0,-356720000.0,-93040000.0,166190000.0,66720000.0,715750000.0,2023-06-30,LUCK.JK,-356720000,2700000000,6090000000,-79210000.0,170340000000.0,,33770000000.0,16530000000.0,136580000000.0,136500000000.0,24150000000,33439999999,30440000000,67330000000,-1240000000.0,-1250000000.0
28880000000.0,1640000000.0,727860000.0,-723960000.0,20610000.0,715750000.0,2023-09-30,LUCK.JK,1640000000,2960000000,7630000000,-615340000.0,175300000000.0,,38640000000.0,16649999999.0,136669999999.0,136600000000.0,28600000000,37570000000,31570000000,65970000000,3810000000.0,3850000000.0
26160000000.0,-1950000000.0,-830040000.0,757260000.0,-66780000.0,715750000.0,2023-12-31,LUCK.JK,-1950000000,1890000000,2570000000,,174610000000.0,,38010000000.0,16790000000.0,136590000000.0,136539999999.0,28610000000,46280000000,46280000000,65170000000,11570000000.0,8020000000.0
28440000000.0,417020000.0,494180000.0,-70210000.0,438330000.0,715750000.0,2024-03-31,LUCK.JK,417020000,2730000000,6260000000,-36690000.0,172370000000.0,,35370000000.0,16800000000.0,137009999999.0,136960000000.0,26000000000,44530000000,44530000000,63670000000,-1300000000.0,-2109999999.0
23390000000.0,-142300000.0,-433470000.0,65140000.0,-357510000.0,715750000.0,2024-06-30,LUCK.JK,-142300000,1550000000,5590000000,-190460000.0,171450000000.0,,34820000000.0,16790000000.0,136630000000.0,136590000000.0,24120000000,38800000000,38800000000,70220000000,1220000000.0,-5810000000.0
207370000000.0,5520000000.0,2660000000.0,-1240000000.0,1420000000.0,1880000000.0,2022-09-30,FWCT.JK,5520000000,10380000000,19560000000,-2990000000.0,,,,,,,,,,,-68010000000.0,-81590000000.0
174920000000.0,-6180000000.0,-11870000000.0,-383520000.0,-12250000000.0,1880000000.0,2023-03-31,FWCT.JK,-6180000000,-1310000000,6900000000,-4260000000.0,509500000000.0,,274890000000.0,187720000000.0,234610000000.0,234590000000.0,148620000000.0,65230000000.0,65230000000.0,308870000000.0,-23850000000.0,-28560000000.0
194170000000.0,-10980000000.0,-16920000000.0,-475730000.0,-17390000000.0,1880000000.0,2023-06-30,FWCT.JK,-10980000000,-6400000000,2350000000,-4960000000.0,502850000000.0,,285670000000.0,207900000000.0,217180000000.0,217160000000.0,124410000000.0,46890000000.0,46890000000.0,313650000000.0,-25700000000.0,-38970000000.0
281680000000.0,35680000000.0,32869999999.0,-588290000.0,32280000000.0,1880000000.0,2023-09-30,FWCT.JK,35680000000,40600000000,50930000000,-4400000000.0,508920000000.0,,263209999999.0,181250000000.0,245710000000.0,245690000000.0,114060000000.0,17410000000.0,17410000000.0,317130000000.0,5430000000.0,1110000000.0
297590000000.0,53770000000.0,49470000000.0,-10640000000.0,38830000000.0,1880000000.0,2023-12-31,FWCT.JK,53770000000,58820000000,70350000000,-4240000000.0,567320000000.0,,282830000000.0,200210000000.0,284490000000.0,284470000000.0,138530000000.0,58850000000.0,58850000000.0,332000000000.0,43030000000.0,30610000000.0
281510000000.0,30360000000.0,26920000000.0,-5960000000.0,20960000000.0,1880000000.0,2024-03-31,FWCT.JK,30360000000,35510000000,47960000000,-4179999999.0,608150000000.0,,302750000000.0,210590000000.0,305400000000.0,305380000000.0,127780000000.0,65319999999.0,65319999999.0,335790000000.0,5050000000.0,-4130000000.0
228070000000.0,-1560000000.0,-5390000000.0,1150000000.0,-4240000000.0,1880000000.0,2024-06-30,FWCT.JK,-1560000000,3670000000,16809999999,-5020000000.0,605700000000.0,,317720000000.0,224500000000.0,287980000000.0,287950000000.0,148530000000.0,11040000000.0,11040000000.0,337640000000.0,-63170000000.0,-67810000000.0
743000000000.0,-189050000000.0,-189030000000.0,1140000000.0,-187890000000.0,12040000000.0,2022-12-31,BBYB.JK,,,,,19690000000000.0,1380000000000,15950000000000.0,923570000000.0,3740000000000.0,3740000000000.0,,,,,1390000000000.0,1320000000000.0
924010000000.0,-68080000000.0,-68310000000.0,-90000000.0,-68400000000.0,12040000000.0,2023-03-31,BBYB.JK,,,,,19110000000000.0,1520000000000,15410000000000.0,195000000000.0,3710000000000.0,3710000000000.0,,,,,406810000000.0,370390000000.0
901240000000.0,-258600000000.0,-258579999999.0,205000000.0,-258370000000.0,12040000000.0,2023-06-30,BBYB.JK,,,,,19620000000000.0,1320000000000,16129999999999.0,169920000000.0,3500000000000.0,3500000000000.0,,,,,7030000000.0,-34119999999.0
1150000000000.0,-240940000000.0,-239260000000.0,-20000000.0,-239280000000.0,12040000000.0,2023-09-30,BBYB.JK,,,,,19450000000000.0,1520000000000,16219999999999.0,252230000000.0,3230000000000.0,3230000000000.0,,,,,1100000000000.0,1130000000000.0
1200000000000.0,-7300000000.0,-7720000000.0,597000000.0,-7120000000.0,12040000000.0,2023-12-31,BBYB.JK,,,,,18170000000000.0,1140000000000,14850000000000.0,379520000000.0,3320000000000.0,3320000000000.0,,,,,831860000000.0,829270000000.0
1060000000000.0,14110000000.0,14030000000.0,202000000.0,14230000000.0,12040000000.0,2024-03-31,BBYB.JK,,,,,18910000000000.0,1010000000000,15290000000000.0,344390000000.0,3620000000000.0,3620000000000.0,,,,,264190000000.0,262790000000.0
962800000000.0,-20300000000.0,-20440000000.0,54000000.0,-20390000000.0,12040000000.0,2024-06-30,BBYB.JK,,,,,19060000000000.0,1980000000000,15500000000000.0,367300000000.0,3560000000000.0,3560000000000.0,,,,,410160000000.0,407650000000.0
964630000000.0,288870000000.0,288950000000.0,-52930000000.0,236030000000.0,8950000000.0,2022-12-31,SDRA.JK,,,,,51500000000000.0,4110000000000,41570000000000.0,11940000000000.0,9930000000000.0,9930000000000.0,,,,,1130000000000.0,1090000000000.0
964140000000.0,262410000000.0,262510000000.0,-63270000000.0,199240000000.0,8950000000.0,2023-03-31,SDRA.JK,,,,,51010000000000.0,3890000000000,41080000000000.0,12370000000000.0,9940000000000.0,9940000000000.0,,,,,247070000000.0,244420000000.0
983700000000.0,229960000000.0,230060000000.0,-55490000000.0,174570000000.0,8950000000.0,2023-06-30,SDRA.JK,,,,,52640000000000.0,3700000000000,42510000000000.0,12590000000000.0,10130000000000.0,10130000000000.0,,,,,260019999999.0,256970000000.0
1020000000000.0,208210000000.0,208270000000.0,-53770000000.0,154500000000.0,8950000000.0,2023-09-30,SDRA.JK,,,,,53920000000000.0,3870000000000,43660000000000.0,12960000000000.0,10270000000000.0,10270000000000.0,,,,,201840000000.0,194470000000.0
1040000000000.0,206700000000.0,207270000000.0,-37710000000.0,169560000000.0,8950000000.0,2023-12-31,SDRA.JK,,,,,54820000000000.0,4120000000000,44550000000000.0,12360000000000.0,10270000000000.0,10270000000000.0,,,,,202490000000.0,174010000000.0
1050000000000.0,198750000000.0,199370000000.0,-48220000000.0,151150000000.0,8950000000.0,2024-03-31,SDRA.JK,,,,,58340000000000.0,5270000000000,47750000000000.0,14380000000000.0,10590000000000.0,10590000000000.0,,,,,-20580000000.0,-26300000000.0
1120000000000.0,235780000000.0,235890000000.0,-58170000000.0,177720000000.0,14690000000.0,2024-06-30,SDRA.JK,,,,,60490000000000.0,6190000000000,46900000000000.0,12270000000000.0,13590000000000.0,13590000000000.0,,,,,206410000000.0,201840000000.0
309090000.0,-428990000.0,-431380000.0,0.0,-431380000.0,5590000000.0,2022-12-31,BAPI.JK,-428990000,-424770000,93290000,-1970000.0,663260000000.0,,235520000000.0,148310000000.0,427740000000.0,427740000000.0,87020000000,32780000,32780000,24160000,-33890000.0,-33890000.0
701000000.0,-240110000.0,-291050000.0,0.0,-291050000.0,5590000000.0,2023-03-31,BAPI.JK,-240110000,-237580000,218610000,-50950000.0,659190000000.0,,231740000000.0,148310000000.0,427450000000.0,427450000000.0,83240000000,19630000,19630000,21630000,-13140000.0,-13140000.0
397000000.0,-180030000.0,-180460000.0,0.0,-180460000.0,5590000000.0,2023-06-30,BAPI.JK,-180030000,-177500000,122710000,-432500.0,659990000000.0,,232730000000.0,148310000000.0,427270000000.0,427270000000.0,80600000000,556360000,556360000,19100000,-3090000000.0,-3090000000.0
694690000.0,-452160000.0,-451550000.0,0.0,-451550000.0,5590000000.0,2023-09-30,BAPI.JK,-452160000,-449680000,216660000,-773220.0,659760000000.0,,232940000000.0,148310000000.0,426820000000.0,426820000000.0,79120000000,385440000,385440000,16620000,-1870000000.0,-1870000000.0
403310000.0,-399100000.0,-399550000.0,0.0,-399550000.0,5590000000.0,2023-12-31,BAPI.JK,-399100000,-396810000,124940000,0.0,672660000000.0,,246250000000.0,148310000000.0,426410000000.0,426410000000.0,88990000000,21110000,21110000,14330000,4950000000.0,4950000000.0
595000000.0,-65500000.0,-66030000.0,0.0,-66030000.0,5590000000.0,2024-03-31,BAPI.JK,-65500000,-64000000,186210000,-563300.0,671770000000.0,,245420000000.0,148310000000.0,426350000000.0,426350000000.0,88160000000,18310000,18310000,12840000,-2810000.0,-2810000.0
595000000.0,-430520000.0,-431170000.0,0.0,-431170000.0,5590000000.0,2024-06-30,BAPI.JK,-430520000,-428280000,185460000,-700320.0,671960000000.0,,246040000000.0,148310000000.0,425910000000.0,425910000000.0,87570000000,370910000,370910000,10600000,-858630000.0,-858630000.0
131060000000.0,13060000000.0,6370000000.0,-1540000000.0,4820000000.0,1510000000.0,2022-12-31,TRJA.JK,13060000000,51910000000,50640000000,-10540000000.0,873440000000.0,,523320000000.0,451790000000.0,350130000000.0,350030000000.0,301890000000,31310000000,28110000000,578460000000,35010000000.0,5550000000.0
135479999999.0,22450000000.0,15160000000.0,-3680000000.0,11470000000.0,1510000000.0,2023-03-31,TRJA.JK,22450000000,61050000000,60610000000,-9270000000.0,933710000000.0,,572140000000.0,485200000000.0,361570000000.0,361500000000.0,346900000000,109580000000,56380000000,617540000000,105860000000.0,105290000000.0
152990000000.0,22940000000.0,12640000000.0,-3370000000.0,9250000000.0,1510000000.0,2023-06-30,TRJA.JK,22940000000,63980000000,61450000000,-11580000000.0,1010000000000.0,,641530000000.0,554360000000.0,366300000000.0,366220000000.0,411670000000,9590000000,6390000000,659630000000,-101300000000.0,-102450000000.0
165280000000.0,22770000000.0,11210000000.0,-2650000000.0,8520000000.0,1510000000.0,2023-09-30,TRJA.JK,22770000000,67580000000,63270000000,-13370000000.0,1050000000000.0,,675910000000.0,571830000000.0,374900000000.0,374750000000.0,436240000000,10940000000,7740000000,704140000000,56980000000.0,56780000000.0
152630000000.0,-2190000000.0,-14840000000.0,518900000.0,-14260000000.0,1510000000.0,2023-12-31,TRJA.JK,-2190000000,45830000000,32920000000,-14160000000.0,1110000000000.0,,745670000000.0,576370000000.0,360590000000.0,360500000000.0,479320000000,77170000000,77170000000,838540000000,257540000000.0,186230000000.0
144430000000.0,13370000000.0,4070000000.0,-1569999999.0,2500000000.0,1510000000.0,2024-03-31,TRJA.JK,13370000000,63970000000,36660000000,-12450000000.0,1000000000000.0,,637060000000.0,516470000000.0,363090000000.0,362990000000.0,399480000000,20150000000,20150000000,780230000000,61760000000.0,46490000000.0
149910000000.0,21840000000.0,14460000000.0,-2820000000.0,11640000000.0,1510000000.0,2024-06-30,TRJA.JK,21840000000,71020000000,38020000000,-11730000000.0,958790000000.0,,584050000000.0,483960000000.0,374740000000.0,374640000000.0,327610000000,1450000000,1450000000,732740000000,-2969999999.0,9660000000.0
16200000000.0,2080000000.0,1920000000.0,0.0,1920000000.0,1250000000.0,2022-12-31,ATAP.JK,2080000000,2250000000,5200000000,-908920000.0,115430000000.0,,35810000000.0,29070000000.0,79620000000.0,79620000000.0,20470000000,14570000000,14570000000,13590000000,12090000000.0,11750000000.0
8100000000.0,1090000000.0,112460000.0,0.0,112460000.0,1250000000.0,2023-03-31,ATAP.JK,1090000000,1250000000,2650000000,-825020000.0,113830000000.0,,34100000000.0,30100000000.0,79730000000.0,79730000000.0,20430000000,13970000000,13970000000,13440000000,-1480000000.0,-1490000000.0
6190000000.0,1020000000.0,180610000.0,0.0,180610000.0,1250000000.0,2023-06-30,ATAP.JK,1020000000,1170000000,2370000000,-784360000.0,114980000000.0,,35070000000.0,30920000000.0,79910000000.0,79910000000.0,20430000000,14480000000,14480000000,14540000000,-452580000.0,-454340000.0
5440000000.0,240260000.0,45400000.0,0.0,45400000.0,1250000000.0,2023-09-30,ATAP.JK,240260000,386260000,1920000000,-191290000.0,111780000000.0,,31970000000.0,28490000000.0,79810000000.0,79810000000.0,17900000000,12270000000,12270000000,14380000000,545820000.0,510670000.0
3920000000.0,-376500000.0,-175640000.0,0.0,-175640000.0,1250000000.0,2023-12-31,ATAP.JK,-376500000,-141460000,1470000000,,113770000000.0,,34180000000.0,29090000000.0,79590000000.0,79590000000.0,19280000000,10960000000,10960000000,12950000000,-2040000000.0,-2049999999.0
5550000000.0,928870000.0,130229999.0,0.0,130229999.0,1250000000.0,2024-03-31,ATAP.JK,928870000,1110000000,2240000000,-813970000.0,112850000000.0,,33130000000.0,28280000000.0,79720000000.0,79720000000.0,19190000000,9800000000,9800000000,14640000000,-191980000.0,-201730000.0
6420000000.0,589790000.0,6380000.0,0.0,6380000.0,1250000000.0,2024-06-30,ATAP.JK,589790000,737500000,1760000000,-852080000.0,108680000000.0,,28950000000.0,25150000000.0,79730000000.0,79730000000.0,16170000000,9170000000,9170000000,13880000000,2540000000.0,2540000000.0
139720000000.0,18670000000.0,17180000000.0,-3730000000.0,13450000000.0,16469999999.0,2022-12-31,BGTG.JK,,,,,8970000000000.0,1940000000000,5830000000000.0,26700000000.0,3140000000000.0,3140000000000.0,,,,,186770000000.0,184040000000.0
160660000000.0,8680000000.0,7580000000.0,-1440000000.0,6140000000.0,23970000000.0,2023-03-31,BGTG.JK,,,,,8820000000000.0,775190000000,5680000000000.0,24280000000.0,3150000000000.0,3150000000000.0,,,,,-4400000000.0,-5000000000.0
147930000000.0,31570000000.0,30710000000.0,-5830000000.0,24870000000.0,23970000000.0,2023-06-30,BGTG.JK,,,,,7580000000000.0,250840000000,4410000000000.0,22470000000.0,3170000000000.0,3170000000000.0,,,,,-265370000000.0,-267920000000.0
158380000000.0,41630000000.0,41990000000.0,-7980000000.0,34020000000.0,23970000000.0,2023-09-30,BGTG.JK,,,,,7500000000000.0,350320000000,4300000000000.0,20500000000.0,3200000000000.0,3200000000000.0,,,,,51130000000.0,48450000000.0
177400000000.0,47340000000.0,48510000000.0,-9570000000.0,38940000000.0,23970000000.0,2023-12-31,BGTG.JK,,,,,9400000000000.0,493770000000,6160000000000.0,23230000000.0,3240000000000.0,3240000000000.0,,,,,401250000000.0,400720000000.0
182640000000.0,33750000000.0,33630000000.0,-6390000000.0,27240000000.0,23970000000.0,2024-03-31,BGTG.JK,,,,,8460000000000.0,280340000000,5190000000000.0,21150000000.0,3270000000000.0,3270000000000.0,,,,,131970000000.0,130060000000.0
181140000000.0,41180000000.0,40770000000.0,-7750000000.0,33030000000.0,23970000000.0,2024-06-30,BGTG.JK,,,,,9110000000000.0,434520000000,5820000000000.0,19490000000.0,3300000000000.0,3300000000000.0,,,,,-31490000000.0,-32740000000.0
3940000000.0,341620000.0,224870000.0,0.0,224870000.0,400000000.0,H1 '21-12-31,FIMP.JK,341620000,2330000000.0,931860000,-99240000.0,,,,,,,,,,,-75730000.0,-75730000.0
2150000000.0,-1190000000.0,-1160000000.0,0.0,-1160000000.0,400000000.0,H2 '21-12-31,FIMP.JK,-1190000000,839290000.0,-921920000,-81330000.0,32950000000.0,,3500000000.0,1160000000.0,29450000000.0,29450000000.0,2969999999.0,50990000.0,50990000.0,19700000000.0,-12250000000.0,-14100000000.0
545450000.0,-2120000000.0,-2140000000.0,0.0,-2140000000.0,400000000.0,H1 '22-12-31,FIMP.JK,-2120000000,-17030000.0,-1569999999,-15220000.0,35430000000.0,,4010000000.0,1170000000.0,27310000000.0,27310000000.0,2240000000.0,367730000.0,367730000.0,19720000000.0,-1950000000.0,-1950000000.0
6000000000.0,2630000000.0,2680000000.0,0.0,2680000000.0,400000000.0,H2 '22-12-31,FIMP.JK,2630000000,4740000000.0,2950000000,-12520000.0,35430000000.0,,5400000000.0,2260000000.0,30030000000.0,30030000000.0,2890000000.0,76730000.0,76730000.0,13500000000.0,882360000.0,882360000.0
4900000000.0,-632550000.0,-749450000.0,0.0,-749450000.0,400000000.0,H1 '23-12-31,FIMP.JK,-632550000,1470000000.0,212620,-116900000.0,33600000000.0,,4320000000.0,760210000.0,29280000000.0,29280000000.0,3210000000.0,4000000000.0,4000000000.0,11400000000.0,5420000000.0,5420000000.0
2250000000.0,1310000000.0,1390000000.0,0.0,1390000000.0,400000000.0,H2 '23-12-31,FIMP.JK,1310000000,,1859999999,,34700000000.0,,4019999999.0,164100000.0,30690000000.0,30690000000.0,3600000000.0,62660000.0,62660000.0,9290000000.0,-3340000000.0,
0.0,-2630000000.0,-2630000000.0,0.0,-2630000000.0,400000000.0,H1 '24-12-31,FIMP.JK,-2630000000,-525830000.0,-2380000000,-464310.0,32060000000.0,,4010000000.0,164100000.0,28050000000.0,28050000000.0,3460000000.0,7160000.0,7160000.0,7180000000.0,-55500000.0,-55500000.0
,,,,,,2022-09-30,UNIT.JK,,,,,,,,,,,,,,,,
,,,,,,2022-12-31,UNIT.JK,,,,,,,,,,,,,,,,
,,,,,,2023-03-31,UNIT.JK,,,,,,,,,,,,,,,,
,,,,,,2023-06-30,UNIT.JK,,,,,,,,,,,,,,,,
,,,,,,2023-09-30,UNIT.JK,,,,,,,,,,,,,,,,
,,,,,,2023-12-31,UNIT.JK,,,,,,,,,,,,,,,,
,,,,,,2024-03-31,UNIT.JK,,,,,,,,,,,,,,,,
,,,,,,2022-09-30,KPAS.JK,,,,,,,,,,,,,,,,
,,,,,,2022-12-31,KPAS.JK,,,,,,,,,,,,,,,,
,,,,,,2023-03-31,KPAS.JK,,,,,,,,,,,,,,,,
,,,,,,2023-06-30,KPAS.JK,,,,,,,,,,,,,,,,
,,,,,,2023-09-30,KPAS.JK,,,,,,,,,,,,,,,,
,,,,,,2023-12-31,KPAS.JK,,,,,,,,,,,,,,,,
,,,,,,2024-03-31,KPAS.JK,,,,,,,,,,,,,,,,
1230000000.0,-2640000000.0,-2640000000.0,570180000.0,-2069999999.0,853420000.0,2022-12-31,AYLS.JK,-2640000000,-2630000000.0,76470000,-135050.0,47870000000.0,,1600000000.0,0.0,46270000000.0,46270000000.0,1550000000,202220000,202220000,2910000000,-27000000.0,-27000000.0
1680000000.0,-785900000.0,-785910000.0,115490000.0,-670430000.0,853420000.0,2023-03-31,AYLS.JK,-785900000,-748630000.0,39720000,-136880.0,47180000000.0,,1580000000.0,0.0,45600000000.0,45600000000.0,1520000000,117840000,117840000,2990000000,-84380000.0,-84380000.0
367450000.0,-884950000.0,-884920000.0,115490000.0,-769430000.0,853420000.0,2023-06-30,AYLS.JK,-884950000,-847680000.0,33180000,-140550.0,46420000000.0,,1589999999.0,0.0,44830000000.0,44830000000.0,1520000000,325910000,325910000,3070000000,208070000.0,208070000.0
1430000000.0,-306110000.0,-306090000.0,27340000.0,-278750000.0,853420000.0,2023-09-30,AYLS.JK,-306110000,-268850000.0,27730000,-134580.0,46150000000.0,,1589999999.0,0.0,44550000000.0,44550000000.0,1520000000,160310000,160310000,3060000000,-165590000.0,
256899999.0,-350020000.0,-353160000.0,184190000.0,-168970000.0,853420000.0,2023-12-31,AYLS.JK,-350020000,-312750000.0,-3110000,-142620.0,46050000000.0,,1589999999.0,0.0,44460000000.0,44460000000.0,1530000000,253880000,253880000,3210000000,93570000.0,
308110000.0,-395390000.0,-395370000.0,46470000.0,-348900000.0,853420000.0,2024-03-31,AYLS.JK,-395390000,-393770000.0,32920000,-145940.0,45740000000.0,,1620000000.0,0.0,44110000000.0,44110000000.0,1560000000,282310000,282310000,3250000000,28430000.0,28430000.0
317840000.0,-512650000.0,-512130000.0,46470000.0,-465670000.0,853420000.0,2024-06-30,AYLS.JK,-512650000,,51400000,-141970.0,45250000000.0,,1589999999.0,0.0,43650000000.0,43650000000.0,1520000000,300530000,300530000,3300000000,18220000.0,18220000.0
59760000000.0,-13620000000.0,-14280000000.0,-77150000.0,-14280000000.0,7570000000.0,2022-12-31,TRUE.JK,-13620000000,-13050000000,,,804470000000.0,,467180000000.0,339460000000.0,337280000000.0,335980000000.0,,6320000000,6320000000,,-3480000000.0,-3900000000.0
18010000000.0,-6800000000.0,-6780000000.0,-8860000.0,-6770000000.0,7570000000.0,2023-03-31,TRUE.JK,-6800000000,-6370000000,,,809750000000.0,,478020000000.0,335450000000.0,331730000000.0,330440000000.0,,2069999999,2069999999,,-123950000.0,-134950000.0
22140000000.0,-3140000000.0,-2940000000.0,-758200000.0,-3700000000.0,7570000000.0,2023-06-30,TRUE.JK,-3140000000,-2590000000,,,788710000000.0,,460430000000.0,331450000000.0,328280000000.0,326990000000.0,,5850000000,5850000000,,8320000000.0,8300000000.0
22210000000.0,-3330000000.0,-3240000000.0,0.0,-3240000000.0,7570000000.0,2023-09-30,TRUE.JK,-3330000000,-2920000000,,,785150000000.0,,459870000000.0,322440000000.0,325280000000.0,324000000000.0,,11720000000,11720000000,,14860000000.0,14860000000.0
32939999999.0,-6590000000.0,-6470000000.0,-24670000.0,-6490000000.0,7570000000.0,2023-12-31,TRUE.JK,-6590000000,-6100000000,,,780410000000.0,,463040000000.0,302560000000.0,317370000000.0,316090000000.0,,5140000000,5140000000,,25410000000.0,25400000000.0
23480000000.0,-5370000000.0,-5300000000.0,-120760000.0,-5410000000.0,7570000000.0,2024-03-31,TRUE.JK,-5370000000,-4870000000,,,782860000000.0,,470810000000.0,301910000000.0,312050000000.0,310780000000.0,,14110000000,14110000000,,9730000000.0,9710000000.0
26440000000.0,-3050000000.0,-2930000000.0,0.0,-2930000000.0,7570000000.0,2024-06-30,TRUE.JK,-3050000000,-2570000000,,,782350000000.0,,473130000000.0,301440000000.0,309220000000.0,307940000000.0,,5500000000,5500000000,,-898400000.0,-911400000.0
6040000000000.0,1260000000000.0,1260000000000.0,-206450000000.0,1050000000000.0,42870000000.0,2022-12-31,BRIS.JK,,,,,305730000000000.0,36730000000000,272220000000000.0,4540000000000.0,33509999999999.0,33509999999999.0,,,,,15150000000000.0,14530000000000.0
6110000000000.0,1950000000000.0,1940000000000.0,-482610000000.0,1460000000000.0,46130000000.0,2023-03-31,BRIS.JK,,,,,313250000000000.0,32350000000000,278260000000000.0,3780000000000.0,34990000000000.0,34990000000000.0,,,,,9470000000000.0,9230000000000.0
6250000000000.0,1839999999999.0,1800000000000.0,-439660000000.0,1359999999999.0,46130000000.0,2023-06-30,BRIS.JK,,,,,313610000000000.0,36480000000000,277709999999999.0,19350000000000.0,35900000000000.0,35900000000000.0,,,,,-11650000000000.0,-11930000000000.0
6380000000000.0,1850000000000.0,1850000000000.0,-467500000000.0,1380000000000.0,46130000000.0,2023-09-30,BRIS.JK,,,,,319850000000000.0,24080000000000,282670000000000.0,15010000000000.0,37180000000000.0,37180000000000.0,,,,,8920000000000.0,8640000000000.0
6620000000000.0,2080000000000.0,2000000000000.0,-495690000000.0,1500000000000.0,46130000000.0,2023-12-31,BRIS.JK,,,,,353620000000000.0,37700000000000,314890000000000.0,14760000000000.0,38740000000000.0,38740000000000.0,,,,,30520000000000.0,30490000000000.0
7020000000000.0,2270000000000.0,2260000000000.0,-552270000000.0,1710000000000.0,46130000000.0,2024-03-31,BRIS.JK,,,,,357900000000000.0,36740000000000,317350000000000.0,14470000000000.0,40550000000000.0,40550000000000.0,,,,,2770000000000.0,2540000000000.0
6990000000000.0,2140000000000.0,2240000000000.0,-548000000000.0,1690000000000.0,46130000000.0,2024-06-30,BRIS.JK,,,,,360960000000000.0,31070000000000,319280000000000.0,17800000000000.0,41670000000000.0,41670000000000.0,,,,,-986400000000.0,-1340000000000.0
261649999999.0,-143700000000.0,7270000000.0,-28280000000.0,-21010000000.0,22740000000.0,2022-12-31,AGRO.JK,,,,,13900000000000.0,1940000000000,10510000000000.0,386280000000.0,3390000000000.0,3390000000000.0,,,,,719000000000.0,664850000000.0
261269999999.0,-17059999999.0,22090000000.0,-17720000000.0,4370000000.0,24740000000.0,2023-03-31,AGRO.JK,,,,,12640000000000.0,1470000000000,9250000000000.0,184050000000.0,3400000000000.0,3400000000000.0,,,,,98980000000.0,89880000000.0
234750000000.0,41370000000.0,104640000000.0,-99730000000.0,4900000000.0,24740000000.0,2023-06-30,AGRO.JK,,,,,12010000000000.0,1160000000000,8590000000000.0,163000000000.0,3410000000000.0,3410000000000.0,,,,,68420000000.0,66920000000.0
225940000000.0,-65620000000.0,14170000000.0,-8770000000.0,5400000000.0,24740000000.0,2023-09-30,AGRO.JK,,,,,11430000000000.0,1020000000000,8029999999999.0,731460000000.0,3400000000000.0,3400000000000.0,,,,,146180000000.0,79540000000.0
234080000000.0,-197470000000.0,-12510000000.0,22190000000.0,9680000000.0,24740000000.0,2023-12-31,AGRO.JK,,,,,12440000000000.0,976090000000,9020000000000.0,542980000000.0,3420000000000.0,3420000000000.0,,,,,124900000000.0,193260000000.0
263079999999.0,-147890000000.0,21440000000.0,-12280000000.0,9160000000.0,24740000000.0,2024-03-31,AGRO.JK,,,,,12240000000000.0,817160000000,8810000000000.0,465920000000.0,3430000000000.0,3430000000000.0,,,,,-1040000000000.0,-1040000000000.0
265540000000.0,-87050000000.0,26470000000.0,-15610000000.0,10860000000.0,24740000000.0,2024-06-30,AGRO.JK,,,,,13080000000000.0,1340000000000,9660000000000.0,673360000000.0,3420000000000.0,3420000000000.0,,,,,1350000000000.0,1340000000000.0
69860000000.0,-4850000000.0,-2360000000.0,-418730000.0,-2780000000.0,4900000000.0,2022-12-31,AHAP.JK,,,,,455270000000.0,,245210000000.0,1710000000.0,210070000000.0,210070000000.0,,,13000000000,,-56880000000.0,-57090000000.0
57170000000.0,6730000000.0,2580000000.0,0.0,2580000000.0,4900000000.0,2023-03-31,AHAP.JK,,,,,477480000000.0,,264820000000.0,1500000000.0,212660000000.0,212660000000.0,,,15330000000,,43020000000.0,42980000000.0
68840000000.0,-9470000000.0,-9580000000.0,0.0,-9580000000.0,4900000000.0,2023-06-30,AHAP.JK,,,,,462830000000.0,,259700000000.0,1290000000.0,203130000000.0,203130000000.0,,,18840000000,,14820000000.0,14640000000.0
71380000000.0,-9530000000.0,-7320000000.0,0.0,-7320000000.0,4900000000.0,2023-09-30,AHAP.JK,,,,0.0,441070000000.0,,245170000000.0,1080000000.0,195900000000.0,195900000000.0,,,16010000000,,-36310000000.0,-36340000000.0
76320000000.0,722870000.0,15780000000.0,3520000000.0,19290000000.0,4900000000.0,2023-12-31,AHAP.JK,,,,-24340000.0,508240000000.0,,292260000000.0,30860000000.0,215980000000.0,215980000000.0,,,12800000000,,8410000000.0,8390000000.0
53120000000.0,-10690000000.0,-7980000000.0,0.0,-7980000000.0,4900000000.0,2024-03-31,AHAP.JK,,,,,574930000000.0,,366890000000.0,30630000000.0,208040000000.0,208040000000.0,,,16489999999,,2550000000.0,2550000000.0
81960000000.0,4010000000.0,8050000000.0,0.0,8050000000.0,4900000000.0,2024-06-30,AHAP.JK,,,,,559130000000.0,,343060000000.0,30400000000.0,216070000000.0,216070000000.0,,,16010000000,,42350000000.0,42070000000.0
27440000000.0,5390000000.0,4430000000.0,-1050000000.0,3380000000.0,928400000.0,2022-09-30,SBMA.JK,5390000000,6190000000,14870000000,-1050000000.0,266610000000.0,,52500000000.0,33549999999.0,214110000000.0,214110000000.0,25000000000,4900000000,4900000000,201170000000,-14950000000.0,-18230000000.0
30220000000.0,-1740000000.0,-1630000000.0,-1370000000.0,-2990000000.0,929930000.0,2022-12-31,SBMA.JK,-1740000000,-660250000,11910000000,-484950000.0,269610000000.0,,58530000000.0,37740000000.0,211070000000.0,211070000000.0,30200000000,8300000000,8300000000,228430000000,27110000000.0,-1340000000.0
26500000000.0,2150000000.0,1320000000.0,-411330000.0,903760000.0,232370000.0,2023-03-31,SBMA.JK,2150000000,3070000000,11280000000,-853490000.0,269060000000.0,,56950000000.0,37680000000.0,212110000000.0,212110000000.0,27690000000,5200000000,5200000000,231040000000,741840000.0,-2760000000.0
26350000000.0,1230000000.0,201230000.0,-225410000.0,-24190000.0,929930000.0,2023-06-30,SBMA.JK,1230000000,2140000000,11020000000,-867000000.0,269250000000.0,,58720000000.0,38290000000.0,210530000000.0,210530000000.0,28400000000,5330000000,5330000000,233010000000,2580000000.0,-209920000.0
29220000000.0,6100000000.0,5170000000.0,-1280000000.0,3890000000.0,929930000.0,2023-09-30,SBMA.JK,6100000000,7620000000,15560000000,-894320000.0,274980000000.0,,59810000000.0,38350000000.0,215170000000.0,215170000000.0,29310000000,7630000000,7630000000,235690000000,5860000000.0,2520000000.0
31310000000.0,1670000000.0,931330000.0,-965620000.0,-34290000.0,929930000.0,2023-12-31,SBMA.JK,1670000000,3260000000,15190000000,-1010000000.0,276180000000.0,,60730000000.0,40660000000.0,215450000000.0,215450000000.0,28760000000,4750000000,4750000000,244490000000,8060000000.0,-2049999999.0
28890000000.0,3320000000.0,2840000000.0,-822330000.0,2020000000.0,929480000.0,2024-03-31,SBMA.JK,3320000000,5230000000,13380000000,-711700000.0,283450000000.0,,65989999999.0,44320000000.0,217460000000.0,217460000000.0,30730000000,5390000000,5390000000,248810000000,3040000000.0,1260000000.0
132550000000.0,5330000000.0,5800000000.0,-575470000.0,5220000000.0,1850000000.0,2022-12-31,BSML.JK,5330000000,9660000000,10790000000,-2500000000.0,270290000000.0,,161690000000.0,116250000000.0,108600000000.0,108590000000.0,54200000000,13300000000,13300000000,215090000000,23130000000.0,-1790000000.0
95300000000.0,7310000000.0,4530000000.0,0.0,4530000000.0,1850000000.0,2023-03-31,BSML.JK,7310000000,12160000000,12460000000,-2640000000.0,265670000000.0,,152540000000.0,111840000000.0,113130000000.0,113120000000.0,46230000000,8680000000,8680000000,215320000000,5160000000.0,293290000.0
69870000000.0,8210000000.0,4610000000.0,0.0,4610000000.0,1850000000.0,2023-06-30,BSML.JK,8210000000,13100000000,13790000000,-2469999999.0,258589999999.0,,143850000000.0,107220000000.0,114740000000.0,114730000000.0,43510000000,1370000000,1370000000,213420000000,3110000000.0,-56650000.0
67599999999.0,4130000000.0,3060000000.0,-2000000.0,3050000000.0,1850000000.0,2023-09-30,BSML.JK,4130000000,9000000000,8580000000,-1080000000.0,253190000000.0,,135400000000.0,102210000000.0,117790000000.0,117780000000.0,39600000000,3530000000,3530000000,211540000000,8960000000.0,4830000000.0
84280000000.0,6120000000.0,4880000000.0,2000000.0,4880000000.0,1850000000.0,2023-12-31,BSML.JK,6120000000,11030000000,10720000000,-1240000000.0,255200000000.0,,131660000000.0,97170000000.0,123540000000.0,123540000000.0,39000000000,5250000000,5250000000,211030000000,3040000000.0,-242920000.0
58140000000.0,7190000000.0,4190000000.0,0.0,4190000000.0,1850000000.0,2024-03-31,BSML.JK,7190000000,13040000000,12400000000,-2850000000.0,262880000000.0,,135150000000.0,92780000000.0,127730000000.0,127720000000.0,48590000000,3000000000,3000000000,211910000000,8870000000.0,-45510000.0
64819999999.0,2340000000.0,986410000.0,0.0,986770000.0,1850000000.0,2024-06-30,BSML.JK,2340000000,8170000000,8480000000,-1530000000.0,251950000000.0,,126230000000.0,90480000000.0,125710000000.0,125710000000.0,39710000000,3870000000,3870000000,210220000000,6840000000.0,2660000000.0
82550000000.0,-6780000000.0,-6500000000.0,2550000000.0,-6050000000.0,2500000000.0,2022-12-31,SCNP.JK,-6780000000,-373160000,5140000000,0.0,482240000000.0,,95710000000.0,0.0,386520000000.0,331030000000.0,82220000000,14420000000,14420000000,258220000000,-22790000000.0,-26990000000.0
155790000000.0,-6250000000.0,-6860000000.0,0.0,-4290000000.0,2500000000.0,2023-03-31,SCNP.JK,-6250000000,686480000,7550000000,-3260000.0,550430000000.0,,170770000000.0,0.0,379660000000.0,326740000000.0,157250000000,39320000000,39320000000,276400000000,26370000000.0,24760000000.0
156100000000.0,-14730000000.0,-16820000000.0,-658890000.0,-12530000000.0,2500000000.0,2023-06-30,SCNP.JK,-14730000000,-7290000000,-969930000,-822890000.0,614460000000.0,,252270000000.0,0.0,362190000000.0,314210000000.0,239230000000,15950000000,15950000000,271700000000,4560000000.0,-23010000000.0
277430000000.0,1220000000.0,6870000000.0,658890000.0,4680000000.0,2500000000.0,2023-09-30,SCNP.JK,1220000000,8780000000,17210000000,-635910000.0,784330000000.0,,414620000000.0,0.0,369720000000.0,318890000000.0,401860000000,57110000000,57110000000,273860000000,52630000000.0,38790000000.0
114200000000.0,-7030000000.0,41760000000.0,-4330000000.0,34550000000.0,2500000000.0,2023-12-31,SCNP.JK,-7030000000,-6020000000,7240000000,-178850000.0,409630000000.0,,56190000000.0,0.0,353440000000.0,353440000000.0,45600000000,114070000000,114070000000,160740000000,25420000000.0,3070000000.0
62410000000.0,-2420000000.0,3340000000.0,0.0,3340000000.0,2500000000.0,2024-03-31,SCNP.JK,-2420000000,1609999999,4750000000,-147450000.0,415990000000.0,,59210000000.0,0.0,356780000000.0,356780000000.0,48660000000,125470000000,125470000000,157680000000,12400000000.0,11510000000.0
63970000000.0,-163190000.0,9220000000.0,0.0,9220000000.0,2500000000.0,2024-06-30,SCNP.JK,-163190000,2540000000,7190000000,-77150000.0,435290000000.0,,70540000000.0,0.0,364750000000.0,364750000000.0,60130000000,128720000000,128720000000,155450000000,6030000000.0,2770000000.0
40510000000.0,10190000000.0,8010000000.0,-348840000.0,7610000000.0,400680000.0,2023-03-31,KLAS.JK,10190000000,13650000000,15250000000,-2390000000.0,,,,,,,,,,,1410000000.0,-6050000000.0
37160000000.0,11720000000.0,9670000000.0,-588750000.0,8870000000.0,2170000000.0,2023-06-30,KLAS.JK,11720000000,15050000000,16550000000,-2250000000.0,304250000000.0,,100690000000.0,79440000000.0,203560000000.0,203510000000.0,48450000000.0,102140000000.0,59140000000.0,149430000000.0,17430000000.0,17380000000.0
41480000000.0,9550000000.0,7860000000.0,-641150000.0,6960000000.0,2170000000.0,2023-09-30,KLAS.JK,9550000000,13260000000,15410000000,-1970000000.0,317120000000.0,,110010000000.0,82580000000.0,207110000000.0,206800000000.0,57130000000.0,106430000000.0,63430000000.0,147830000000.0,6370000000.0,-163280000.0
34240000000.0,5260000000.0,1500000000.0,40490000.0,1930000000.0,1630000000.0,2023-12-31,KLAS.JK,5260000000,9140000000,9940000000,-4160000000.0,360170000000.0,,148060000000.0,112360000000.0,212110000000.0,212210000000.0,89520000000.0,98920000000.0,15920000000.0,201260000000.0,15010000000.0,10340000000.0
32960000000.0,3270000000.0,-234980000.0,-357300000.0,-661290000.0,2170000000.0,2024-03-31,KLAS.JK,3270000000,8810000000,7510000000,-4400000000.0,364930000000.0,,153410000000.0,121420000000.0,211520000000.0,211550000000.0,90210000000.0,90210000000.0,10210000000.0,218900000000.0,4570000000.0,2300000000.0
35050000000.0,5950000000.0,4320000000.0,-370210000.0,3850000000.0,2170000000.0,2024-06-30,KLAS.JK,5950000000,11330000000,9240000000,-2920000000.0,353890000000.0,,138430000000.0,108880000000.0,215470000000.0,215400000000.0,91150000000.0,86400000000.0,6400000000.0,212740000000.0,6820000000.0,4400000000.0
43830000000.0,15700000000.0,11790000000.0,-18770000.0,11770000000.0,5380000000.0,2022-12-31,SWID.JK,15700000000,17730000000,25700000000,-1490000000.0,317490000000.0,,106280000000.0,59760000000.0,211210000000.0,211210000000.0,65610000000,71940000000,71940000000,92870000000,8750000000.0,6410000000.0
29820000000.0,8950000000.0,5280000000.0,0.0,5280000000.0,5380000000.0,2023-03-31,SWID.JK,8950000000,11210000000,17560000000,-1190000000.0,316570000000.0,,100080000000.0,55630000000.0,216490000000.0,216490000000.0,58950000000,65930000000,65930000000,91540000000,-945210000.0,-1240000000.0
27170000000.0,7640000000.0,4470000000.0,-289830000.0,4179999999.0,5390000000.0,2023-06-30,SWID.JK,7640000000,9590000000,16079999999,-1120000000.0,323040000000.0,,108240000000.0,50410000000.0,214810000000.0,214810000000.0,67099999999,60470000000,60470000000,89700000000,-129789999.0,-241360000.0
37800000000.0,14180000000.0,10290000000.0,0.0,10290000000.0,5390000000.0,2023-09-30,SWID.JK,14180000000,16230000000,23410000000,-1260000000.0,332620000000.0,,107520000000.0,51850000000.0,225100000000.0,225100000000.0,59850000000,45350000000,45350000000,88400000000,-15810000000.0,-16559999999.0
47790000000.0,18990000000.0,13210000000.0,-11780000000.0,1430000000.0,5390000000.0,2023-12-31,SWID.JK,18990000000,21030000000,29600000000,-1100000000.0,361870000000.0,,135470000000.0,66040000000.0,226400000000.0,226400000000.0,91500000000,40720000000,40720000000,83500000000,12680000000.0,-7130000000.0
27140000000.0,7050000000.0,3500000000.0,-1340000000.0,2160000000.0,5390000000.0,2024-03-31,SWID.JK,7050000000,9080000000,16120000000,-1150000000.0,362060000000.0,,133500000000.0,69840000000.0,228570000000.0,228570000000.0,80130000000,19330000000,19330000000,81720000000,-21600000000.0,-25180000000.0
31240000000.0,8539999999.0,5600000000.0,-1589999999.0,4010000000.0,5390000000.0,2024-06-30,SWID.JK,8539999999,10490000000,18410000000,-862520000.0,391500000000.0,,164810000000.0,92190000000.0,226690000000.0,226690000000.0,83550000000,24230000000,24230000000,81770000000,-8010000000.0,-6380000000.0
635330000.0,-1770000000.0,-1770000000.0,0.0,-1760000000.0,770000000.0,2022-09-30,MTRA.JK,-1770000000.0,-992120000.0,-1340000000.0,-927730.0,134669999999.0,,207000000000.0,52310000000.0,-72330000000.0,-72460000000.0,197010000000.0,4130000000.0,4130000000.0,43780000000.0,317950000.0,317950000.0
,,,,,,2022-12-31,MTRA.JK,,,,,,,,,,,,,,,,
,,,,,,2023-03-31,MTRA.JK,,,,,,,,,,,,,,,,
,,,,,,2023-06-30,MTRA.JK,,,,,,,,,,,,,,,,
,,,,,,2023-09-30,MTRA.JK,,,,,,,,,,,,,,,,
,,,,,,2023-12-31,MTRA.JK,,,,,,,,,,,,,,,,
,,,,,,2024-03-31,MTRA.JK,,,,,,,,,,,,,,,,
22360000000.0,-7270000000.0,-217660000.0,746120000.0,524720000.0,7150000000.0,2022-12-31,KBAG.JK,-7270000000,-6810000000,1880000000,-83670000.0,443420000000.0,,53390000000.0,35260000000.0,390030000000.0,389900000000.0,27170000000,5570000000,5570000000,185270000000,8350000000.0,-777590000.0
7760000000.0,-16660000.0,202870000.0,0.0,203570000.0,7150000000.0,2023-03-31,KBAG.JK,-16660000,335940000,3110000000,-19590000.0,443060000000.0,,52830000000.0,32680000000.0,390230000000.0,390110000000.0,26610000000,7570000000,7570000000,184800000000,4570000000.0,
23650000000.0,-804250000.0,-1030000000.0,0.0,-1030000000.0,7150000000.0,2023-06-30,KBAG.JK,-804250000,-230820000,8029999999,-26450000.0,433720000000.0,,44520000000.0,31500000000.0,389200000000.0,389080000000.0,18270000000,8860000000,8860000000,186340000000,6870000000.0,
6410000000.0,-1589999999.0,-1830000000.0,0.0,-1830000000.0,7150000000.0,2023-09-30,KBAG.JK,-1589999999,-1130000000,644880000,-36310000.0,432030000000.0,,44660000000.0,28800000000.0,387370000000.0,387250000000.0,18390000000,8350000000,8350000000,171410000000,2200000000.0,2170000000.0
9400000000.0,-8359999999.0,-6730000000.0,-22150000.0,-6750000000.0,7150000000.0,2023-12-31,KBAG.JK,-8359999999,-7620000000,-3830000000,-167880000.0,424850000000.0,,44230000000.0,25810000000.0,380610000000.0,380490000000.0,26830000000,14240000000,14240000000,174290000000,6460000000.0,10720000000.0
7610000000.0,-4780000000.0,-4390000000.0,0.0,-4390000000.0,7150000000.0,2024-03-31,KBAG.JK,-4780000000,-4310000000,988790000,-57730000.0,421210000000.0,,44980000000.0,23260000000.0,376220000000.0,376100000000.0,27570000000,16950000000,16950000000,173860000000,5320000000.0,5280000000.0
4010000000.0,-3840000000.0,-3840000000.0,0.0,-3840000000.0,7150000000.0,2024-06-30,KBAG.JK,-3840000000,-3380000000,-265310000,-84780000.0,418780000000.0,,46400000000.0,20650000000.0,372380000000.0,372260000000.0,28980000000,13430000000,13430000000,173950000000,-899390000.0,-934140000.0
442460000000.0,6930000000.0,7440000000.0,-1280000000.0,6150000000.0,1000000000.0,2022-12-31,BUAH.JK,6930000000,10630000000,30010000000,-83520000.0,345660000000.0,,191730000000.0,5770000000.0,153930000000.0,153930000000.0,181680000000,125090000000,125090000000,24220000000,-34820000000.0,-39200000000.0
376900000000.0,10890000000.0,11860000000.0,-2640000000.0,9220000000.0,1000000000.0,2023-03-31,BUAH.JK,10890000000,12650000000,34710000000,-9740000.0,366070000000.0,,203380000000.0,5480000000.0,162690000000.0,162690000000.0,192680000000,138170000000,138170000000,26120000000,16660000000.0,13370000000.0
481870000000.0,4630000000.0,6020000000.0,-1790000000.0,4230000000.0,1000000000.0,2023-06-30,BUAH.JK,4630000000,8029999999,31420000000,-95120000.0,370580000000.0,,204120000000.0,3330000000.0,166460000000.0,166460000000.0,193020000000,181210000000,181210000000,27640000000,48120000000.0,45190000000.0
480270000000.0,16420000000.0,16899999999.0,-4260000000.0,12640000000.0,1000000000.0,2023-09-30,BUAH.JK,16420000000,18040000000,37800000000,-10700000.0,333760000000.0,,168920000000.0,2969999999.0,164850000000.0,164850000000.0,158770000000,152460000000,152460000000,26180000000,-14970000000.0,-15650000000.0
444240000000.0,16379999999.0,15560000000.0,-2890000000.0,12670000000.0,1000000000.0,2023-12-31,BUAH.JK,16379999999,18280000000,41650000000,-220770000.0,340770000000.0,,162390000000.0,2830000000.0,178390000000.0,178390000000.0,151520000000,126570000000,126570000000,31600000000,-17640000000.0,-23340000000.0
465040000000.0,20920000000.0,21210000000.0,-5740000000.0,15470000000.0,1000000000.0,2024-03-31,BUAH.JK,20920000000,22640000000,52080000000,-41800000.0,379090000000.0,,185240000000.0,1670000000.0,193860000000.0,193860000000.0,174730000000,101700000000,101700000000,34360000000,-19070000000.0,-23720000000.0
457540000000.0,2240000000.0,2600000000.0,-494670000.0,2100000000.0,1000000000.0,2024-06-30,BUAH.JK,2240000000,4350000000,29530000000,,328550000000.0,,155590000000.0,1310000000.0,172960000000.0,172960000000.0,145430000000,108500000000,108500000000,34600000000,32710000000.0,30350000000.0
52280000000.0,10360000000.0,10640000000.0,-2200000000.0,8439999999.0,1290000000.0,2022-06-30,BIKE.JK,10360000000,10600000000,11480000000,-73410000.0,125950000000.0,,8620000000.0,2980000000.0,117330000000.0,117330000000.0,6600000000,5520000,5520000,4110000000,-32860000000.0,-33409999999.0
71850000000.0,9520000000.0,11870000000.0,-2550000000.0,9320000000.0,1290000000.0,2022-09-30,BIKE.JK,9520000000,9770000000,13440000000,-145180000.0,149830000000.0,,28100000000.0,11650000000.0,121740000000.0,121740000000.0,26600000000,18720000,18720000,3860000000,-5980000000.0,-8439999999.0
56750000000.0,1510000000.0,-1180000000.0,-274850000.0,-1450000000.0,1290000000.0,2022-12-31,BIKE.JK,1510000000,1730000000,1290000000,-166230000.0,148580000000.0,,28470000000.0,10140000000.0,120100000000.0,120100000000.0,26240000000,9870000,9870000,3790000000,3860000000.0,6300000000.0
158190000000.0,8020000000.0,7620000000.0,-1680000000.0,5939999999.0,1290000000.0,2023-03-31,BIKE.JK,8020000000,8240000000,9220000000,-226300000.0,311360000000.0,,185300000000.0,14210000000.0,126060000000.0,126060000000.0,183030000000,16690000,16690000,3300000000,-3800000000.0,-4019999999.0
72500000000.0,19500000000.0,14670000000.0,-3560000000.0,11110000000.0,1290000000.0,2023-12-31,BIKE.JK,19500000000,19710000000,25940000000,-261170000.0,257220000000.0,,128490000000.0,11690000000.0,128720000000.0,128720000000.0,126410000000,23240000,23240000,2390000000,,
54590000000.0,1900000000.0,1780000000.0,-565330000.0,1220000000.0,1040000000.0,2024-03-31,BIKE.JK,1900000000,2109999999,6530000000,,249130000000.0,,118910000000.0,9910000000.0,130210000000.0,130210000000.0,116650000000,22170000,22170000,3020000000,1859999999.0,1850000000.0
106280000000.0,5430000000.0,5130000000.0,-1670000000.0,3460000000.0,1290000000.0,2024-06-30,BIKE.JK,5430000000,5650000000,11980000000,-319280000.0,262220000000.0,,141540000000.0,12290000000.0,120680000000.0,120680000000.0,139510000000,23030000,23030000,3550000000,11060000000.0,10980000000.0
364790000000.0,15240000000.0,20500000000.0,-4120000000.0,16379999999.0,1120000000.0,2022-12-31,KBLM.JK,15240000000,20840000000,23850000000,-1730000000.0,1510000000000.0,,263940000000.0,58000000000.0,1240000000000.0,1240000000000.0,247680000000,11660000000,11660000000,1070000000000,72780000000.0,68820000000.0
391930000000.0,14260000000.0,10960000000.0,-2600000000.0,8359999999.0,1120000000.0,2023-03-31,KBLM.JK,14260000000,20540000000,24610000000,-2969999999.0,1530000000000.0,,273980000000.0,159450000000.0,1250000000000.0,1250000000000.0,257930000000,10130000000,10130000000,1060000000000,-102800000000.0,-102980000000.0
308600000000.0,7030000000.0,5780000000.0,-1859999999.0,3920000000.0,1120000000.0,2023-06-30,KBLM.JK,7030000000,12220000000,20810000000,-4320000000.0,1640000000000.0,,380770000000.0,199980000000.0,1260000000000.0,1260000000000.0,364810000000,23830000000,23830000000,1050000000000,-26460000000.0,-26820000000.0
466250000000.0,9320000000.0,7410000000.0,-2049999999.0,5360000000.0,1120000000.0,2023-09-30,KBLM.JK,9320000000,14250000000,18910000000,-3680000000.0,1560000000000.0,,303030000000.0,199930000000.0,1250000000000.0,1250000000000.0,287670000000,8580000000,8580000000,1050000000000,-5120000000.0,-6300000000.0
481740000000.0,18330000000.0,17960000000.0,-4830000000.0,13130000000.0,1120000000.0,2023-12-31,KBLM.JK,18330000000,24940000000,24440000000,-918200000.0,1600000000000.0,,332690000000.0,0.0,1260000000000.0,1260000000000.0,312060000000,55070000000,55070000000,1040000000000,249110000000.0,246440000000.0
452530000000.0,570560000.0,2130000000.0,-772740000.0,1359999999.0,1120000000.0,2024-03-31,KBLM.JK,570560000,6350000000,10560000000,-7340000.0,1569999999999.0,,302160000000.0,0.0,1270000000000.0,1270000000000.0,280850000000,88570000000,88570000000,1040000000000,33479999999.0,33479999999.0
425350000000.0,36840000000.0,36890000000.0,-8140000000.0,28750000000.0,1120000000.0,2024-06-30,KBLM.JK,36840000000,42630000000,46230000000,-13370000.0,1640000000000.0,,350700000000.0,0.0,1290000000000.0,1290000000000.0,329060000000,19060000000,19060000000,1060000000000,-36230000000.0,-69500000000.0
146210000000.0,10980000000.0,13490000000.0,-2969999999.0,11100000000.0,3490000000.0,2022-12-31,EKAD.JK,10980000000,15270000000,41180000000,-589350000.0,1220000000000.0,,108450000000.0,31350000000.0,1110000000000.0,1080000000000.0,56950000000,430400000000,392550000000,551840000000,19780000000.0,28480000000.0
141000000000.0,25140000000.0,27440000000.0,-4720000000.0,22690000000.0,3490000000.0,2023-03-31,EKAD.JK,25140000000,30350000000,45310000000,-491700000.0,1230000000000.0,,103840000000.0,29700000000.0,1130000000000.0,1100000000000.0,54320000000,460570000000,429370000000,544390000000,40550000000.0,40100000000.0
117450000000.0,13570000000.0,16230000000.0,-3620000000.0,11800000000.0,3490000000.0,2023-06-30,EKAD.JK,13570000000,18600000000,36820000000,-509310000.0,1220000000000.0,,122090000000.0,28800000000.0,1100000000000.0,1070000000000.0,73450000000,463500000000,418750000000,538830000000,-6650000000.0,-10710000000.0
131789999999.0,23140000000.0,25610000000.0,-3710000000.0,21240000000.0,3490000000.0,2023-09-30,EKAD.JK,23140000000,28120000000,42960000000,-383550000.0,1220000000000.0,,95330000000.0,25180000000.0,1130000000000.0,1090000000000.0,47200000000,348060000000,164620000000,644260000000,21510000000.0,13420000000.0
128120000000.0,12980000000.0,18000000000.0,-1260000000.0,16210000000.0,3490000000.0,2023-12-31,EKAD.JK,12980000000,18080000000,40740000000,-612270000.0,1250000000000.0,,99500000000.0,21650000000.0,1150000000000.0,1110000000000.0,50330000000,482700000000,126640000000,532220000000,37080000000.0,32340000000.0
130470000000.0,15140000000.0,20460000000.0,-3240000000.0,17260000000.0,3490000000.0,2024-03-31,EKAD.JK,15140000000,20110000000,38030000000,-447350000.0,1250000000000.0,,86370000000.0,21230000000.0,1170000000000.0,1130000000000.0,37280000000,509770000000,165250000000,531429999999,24930000000.0,21110000000.0
123880000000.0,16670000000.0,30090000000.0,-5240000000.0,24230000000.0,3490000000.0,2024-06-30,EKAD.JK,16670000000,21690000000,38370000000,-389360000.0,1260000000000.0,,104510000000.0,26690000000.0,1160000000000.0,1120000000000.0,52750000000,504230000000,101930000000,530620000000,5000000000.0,2890000000.0
610290000000.0,100800000000.0,51820000000.0,-8790000000.0,38980000000.0,2950000000.0,2022-06-30,HILL.JK,100800000000,163880000000,135910000000,-33619999999.0,,,,,,,,,,,-181620000000.0,-342250000000.0
930520000000.0,188960000000.0,179940000000.0,-25650000000.0,123440000000.0,2950000000.0,2023-03-31,HILL.JK,188960000000,270200000000,234000000000,-50950000000.0,4130000000000.0,,2469999999999.0,1350000000000.0,1660000000000.0,1420000000000.0,1850000000000.0,638340000000.0,638340000000.0,2350000000000.0,325790000000.0,53340000000.0
819780000000.0,110710000000.0,39860000000.0,-7620000000.0,32340000000.0,2950000000.0,2023-06-30,HILL.JK,110710000000,201310000000,155880000000,-59910000000.0,4170000000000.0,,2590000000000.0,1700000000000.0,1580000000000.0,1359999999999.0,1990000000000.0,199340000000.0,199340000000.0,2630000000000.0,-424550000000.0,-722990000000.0
1140000000000.0,219530000000.0,140190000000.0,2860000000.0,112810000000.0,2950000000.0,2023-09-30,HILL.JK,219530000000,320660000000,283930000000,-66230000000.0,4520000000000.0,,2790000000000.0,1910000000000.0,1730000000000.0,1470000000000.0,2000000000000.0,127040000000.0,127040000000.0,2830000000000.0,146750000000.0,-245460000000.0
1160000000000.0,-145230000000.0,94070000000.0,15290000000.0,89930000000.0,2950000000.0,2023-12-31,HILL.JK,-145230000000,-36130000000,183820000000,-81340000000.0,4980000000000.0,,3140000000000.0,2340000000000.0,1839999999999.0,1560000000000.0,2140000000000.0,108160000000.0,108160000000.0,3710000000000.0,154120000000.0,-424810000000.0
788910000000.0,120650000000.0,43920000000.0,-38340000000.0,3969999999.0,2950000000.0,2024-03-31,HILL.JK,120650000000,241480000000,10900000000,-75550000000.0,5150000000000.0,,3310000000000.0,2220000000000.0,1839999999999.0,1560000000000.0,2320000000000.0,87810000000.0,87810000000.0,3750000000000.0,115420000000.0,-153810000000.0
854760000000.0,76480000000.0,9390000000.0,0.0,9930000000.0,2950000000.0,2024-06-30,HILL.JK,76480000000,206320000000,135990000000,-76840000000.0,5440000000000.0,,3719999999999.0,2410000000000.0,1720000000000.0,1470000000000.0,2750000000000.0,79840000000.0,79840000000.0,3969999999999.0,191700000000.0,-118850000000.0
9130000000.0,852540000.0,1150000000.0,-288430000.0,865300000.0,665000000.0,2022-09-30,KAYU.JK,852540000.0,989230000.0,1370000000.0,-122450000.0,109450000000.0,,29460000000.0,7720000000.0,79990000000.0,79990000000.0,28050000000.0,474290000.0,474290000.0,9820000000.0,1380000000.0,1380000000.0
3000000000.0,-327990000.0,583470000.0,-200410000.0,383060000.0,665000000.0,2022-12-31,KAYU.JK,-327990000.0,-169400000.0,-47230000.0,-296130000.0,104580000000.0,,24260000000.0,7910000000.0,80320000000.0,80320000000.0,22570000000.0,325570000.0,325570000.0,9660000000.0,-583280000.0,-583280000.0
1970000000.0,-622790000.0,11050000.0,-2210000.0,8840000.0,665000000.0,2023-03-31,KAYU.JK,-622790000.0,-482190000.0,-300190000.0,-4160000.0,104710000000.0,,24370000000.0,7910000000.0,80330000000.0,80330000000.0,22680000000.0,343410000.0,343410000.0,9480000000.0,117840000.0,117840000.0
1460000000.0,-538640000.0,48920000.0,-9780000.0,39140000.0,665000000.0,2023-06-30,KAYU.JK,-538640000.0,-399340000.0,-62200000.0,-6650000.0,100890000000.0,,20510000000.0,7910000000.0,80370000000.0,80370000000.0,18820000000.0,366350000.0,366350000.0,9300000000.0,-288210000.0,-288210000.0
1910000000.0,-367990000.0,802240000.0,-200560000.0,601680000.0,665000000.0,2023-09-30,KAYU.JK,-367990000.0,-232200000.0,143700000.0,-5170000.0,100070000000.0,,19100000000.0,7910000000.0,80970000000.0,80970000000.0,17410000000.0,379180000.0,379180000.0,9130000000.0,-87170000.0,-87170000.0
,,,,,,2023-12-31,KAYU.JK,,,,,,,,,,,,,,,,
,,,,,,2024-03-31,KAYU.JK,,,,,,,,,,,,,,,,
199090000000.0,-592630000.0,1250000000.0,192940000.0,5920000000.0,5000000000.0,2022-12-31,ASHA.JK,-592630000,736070000,10260000000,-330750000.0,218720000000.0,,39040000000.0,12140000000.0,179680000000.0,179680000000.0,27120000000,10140000000,10140000000,115990000000,31280000000.0,31040000000.0
75780000000.0,6420000000.0,8700000000.0,-1560000000.0,7140000000.0,5000000000.0,2023-03-31,ASHA.JK,6420000000,8439999999,12550000000,-130509999.0,245220000000.0,,58420000000.0,12090000000.0,186790000000.0,186790000000.0,46550000000,22240000000,22240000000,100320000000,3880000000.0,3590000000.0
131050000000.0,1170000000.0,2310000000.0,-879550000.0,1430000000.0,5000000000.0,2023-06-30,ASHA.JK,1170000000,2500000000,7420000000,-256269999.0,236220000000.0,,48080000000.0,12040000000.0,188250000000.0,188250000000.0,36260000000,18050000000,18050000000,82270000000,-18340000000.0,-18340000000.0
88180000000.0,-9680000000.0,-9930000000.0,2170000000.0,-7760000000.0,5000000000.0,2023-09-30,ASHA.JK,-9680000000,-8010000000,-3940000000,-278530000.0,223880000000.0,,43390000000.0,11990000000.0,180490000000.0,180490000000.0,31620000000,973110000,973110000,80260000000,-19110000000.0,-19140000000.0
109350000000.0,-24050000000.0,-23710000000.0,2240000000.0,-21460000000.0,5000000000.0,2023-12-31,ASHA.JK,-24050000000,-22380000000,-9290000000,-239240000.0,201180000000.0,,42070000000.0,10830000000.0,159110000000.0,159110000000.0,31120000000,1230000000,1230000000,111040000000,32610000000.0,32759999999.0
54280000000.0,-641750000.0,181050000.0,-162080000.0,19190000.0,5000000000.0,2024-03-31,ASHA.JK,-641750000,824380000,5760000000,-233360000.0,201460000000.0,,42340000000.0,10750000000.0,159120000000.0,159130000000.0,31380000000,1890000000,1890000000,108490000000,-124160000.0,-139020000.0
51210000000.0,374280000.0,986870000.0,-106680000.0,879780000.0,5000000000.0,2024-06-30,ASHA.JK,374280000,2190000000,6120000000,-243390000.0,199810000000.0,,39800000000.0,10670000000.0,160000000000.0,160010000000.0,28820000000,1920000000,1920000000,79760000000,-28930000000.0,-28950000000.0
32960000000.0,1320000000.0,2580000000.0,-800030000.0,1780000000.0,,2022-12-31,ZATA.JK,1320000000,13550000000,7440000000,-2630000000.0,725690000000.0,,213750000000.0,164970000000.0,511940000000.0,511940000000.0,57070000000,24480000000,24480000000,268850000000,-66830000000.0,-118090000000.0
60780000000.0,11610000000.0,6660000000.0,-2320000000.0,4340000000.0,8500000000.0,2023-03-31,ZATA.JK,11610000000,20830000000,22220000000,-4880000000.0,708080000000.0,,191800000000.0,80360000000.0,516280000000.0,516280000000.0,60190000000,8790000000,8790000000,269160000000,18150000000.0,18150000000.0
84510000000.0,9430000000.0,6210000000.0,-2370000000.0,3840000000.0,8500000000.0,2023-06-30,ZATA.JK,9430000000,15630000000,28740000000,-3000000000.0,700470000000.0,,180350000000.0,76800000000.0,520120000000.0,520120000000.0,52740000000,14740000000,14740000000,286580000000,38000000000.0,4300000000.0
24760000000.0,-4560000000.0,-5020000000.0,1100000000.0,-3920000000.0,8500000000.0,2023-09-30,ZATA.JK,-4560000000,1790000000,3070000000,-448360000.0,690220000000.0,,174020000000.0,73230000000.0,516190000000.0,516190000000.0,49410000000,6030000000,6030000000,282990000000,-21020000000.0,7650000000.0
34950000000.0,1770000000.0,1280000000.0,4430000000.0,5710000000.0,8950000000.0,2023-12-31,ZATA.JK,1770000000,7270000000,12300000000,-4010000000.0,691140000000.0,,169160000000.0,69660000000.0,521980000000.0,521980000000.0,64500000000,9600000000,9600000000,256510000000,2510000000.0,330280000.0
64150000000.0,9360000000.0,6780000000.0,0.0,6780000000.0,8500000000.0,2024-03-31,ZATA.JK,9360000000,17580000000,24710000000,-3030000000.0,712200000000.0,,183430000000.0,67310000000.0,528770000000.0,528770000000.0,78770000000,13840000000,13840000000,248780000000,7100000000.0,6600000000.0
78760000000.0,1630000000.0,-2029999999.0,0.0,-2029999999.0,8500000000.0,2024-06-30,ZATA.JK,1630000000,8790000000,16190000000,-3910000000.0,673470000000.0,,146740000000.0,62950000000.0,526730000000.0,526730000000.0,44080000000,9030000000,9030000000,245730000000,5800000000.0,1569999999.0
14000000000.0,1420000000.0,-1430000000.0,163830000.0,-1270000000.0,3130000000.0,2022-12-31,PAMG.JK,1420000000,1710000000,,,582570000000.0,,159760000000.0,109800000000.0,422810000000.0,422810000000.0,,889250000,889250000,,-1020000000.0,-4059999999.0
13650000000.0,2109999999.0,347490000.0,-68290000.0,279200000.0,3130000000.0,2023-03-31,PAMG.JK,2109999999,2280000000,,,580230000000.0,,157140000000.0,108270000000.0,423090000000.0,423090000000.0,,908350000,908350000,,2510000000.0,2500000000.0
13090000000.0,972960000.0,-970260000.0,-34280000.0,-1000000000.0,3130000000.0,2023-06-30,PAMG.JK,972960000,1140000000,,,581180000000.0,,159090000000.0,106750000000.0,422080000000.0,422080000000.0,,771060000,771060000,,-1030000000.0,-1500000000.0
11890000000.0,1650000000.0,-550390000.0,-761410.0,-551150000.0,3130000000.0,2023-09-30,PAMG.JK,1650000000,1810000000,,,583010000000.0,,161480000000.0,105240000000.0,421530000000.0,421530000000.0,,620930000,620930000,,-1340000000.0,-899190000.0
13440000000.0,3320000000.0,1650000000.0,58070000.0,1700000000.0,3130000000.0,2023-12-31,PAMG.JK,3320000000,3370000000,,,582640000000.0,,159410000000.0,103670000000.0,423230000000.0,423230000000.0,,6580000000,6580000000,,1400000000.0,336940000.0
12760000000.0,2080000000.0,307640000.0,-30980000.0,276660000.0,3130000000.0,2024-03-31,PAMG.JK,2080000000,2240000000,,,583280000000.0,,159780000000.0,102120000000.0,423500000000.0,423500000000.0,,1760000000,1760000000,,-1870000000.0,-6590000000.0
13590000000.0,2430000000.0,172150000.0,-107340000.0,64810000.0,3130000000.0,2024-06-30,PAMG.JK,2430000000,2600000000,,,583640000000.0,,160070000000.0,100590000000.0,423570000000.0,423570000000.0,,1819999999,1819999999,,2220000000.0,6200000000.0
152240000000.0,50270000000.0,38380000000.0,-197540000.0,38000000000.0,,2022-12-31,KETR.JK,50270000000,54320000000,67370000000,-11060000000.0,1609999999999.0,,739930000000.0,591520000000.0,865080000000.0,862760000000.0,143890000000,278370000000,278200000000,454830000000,-8369999999.0,-54810000000.0
85730000000.0,26300000000.0,17000000000.0,0.0,16989999999.0,2840000000.0,2023-03-31,KETR.JK,26300000000,30780000000,39940000000,-11590000000.0,1630000000000.0,,751630000000.0,591840000000.0,882080000000.0,879750000000.0,155200000000,258930000000,88760000000,492160000000,19580000000.0,1609999999.0
108660000000.0,33159999999.0,20240000000.0,0.0,20230000000.0,2840000000.0,2023-06-30,KETR.JK,33159999999,37660000000,54200000000,-13360000000.0,1680000000000.0,,774140000000.0,612870000000.0,902320000000.0,899980000000.0,156310000000,221460000000,50680000000,537740000000,-23140000000.0,-77360000000.0
116480000000.0,57600000000.0,49270000000.0,0.0,49240000000.0,2840000000.0,2023-09-30,KETR.JK,57600000000,62160000000,75340000000,-12500000000.0,1780000000000.0,,828300000000.0,654630000000.0,951590000000.0,949220000000.0,168180000000,223490000000,38550000000,575130000000,2210000000.0,-38250000000.0
76970000000.0,19090000000.0,-8640000000.0,-348690000.0,-8950000000.0,2840000000.0,2023-12-31,KETR.JK,19090000000,23850000000,42540000000,-16570000000.0,2180000000000.0,,1230000000000.0,620040000000.0,942530000000.0,940370000000.0,567320000000,532030000000,412090000000,589070000000,-119270000000.0,-136220000000.0
114050000000.0,37120000000.0,25920000000.0,0.0,25920000000.0,2840000000.0,2024-03-31,KETR.JK,37120000000,53880000000,45470000000,-15230000000.0,1859999999999.0,,894990000000.0,287150000000.0,968450000000.0,966290000000.0,162540000000,109220000000,107260000000,639480000000,-53740000000.0,-77520000000.0
130419999999.0,56580000000.0,37530000000.0,0.0,37530000000.0,2840000000.0,2024-06-30,KETR.JK,56580000000,61450000000,77690000000,-16629999999.0,1900000000000.0,,897200000000.0,282720000000.0,1010000000000.0,1000000000000.0,171000000000,69300000000,67340000000,667950000000,15760000000.0,-31680000000.0
13770000000.0,2170000000.0,3510000000.0,-628970000.0,2880000000.0,2200000000.0,H1 '24-12-31,EURO.JK,2170000000,3150000000,3980000000,-1110000.0,58890000000.0,,5320000000.0,0.0,53560000000.0,53560000000.0,2360000000,22280000000,6910000000,22030000000,2300000000.0,2230000000.0
140970000000.0,20870000000.0,22140000000.0,-4960000000.0,16910000000.0,2530000000.0,2022-12-31,MDKI.JK,20870000000,24560000000,35330000000,-532000000.0,1050000000000.0,,105710000000.0,13250000000.0,937270000000.0,922820000000.0,68019999999,185970000000,185970000000,679940000000,9950000000.0,7960000000.0
106840000000.0,13720000000.0,16559999999.0,-3280000000.0,13200000000.0,2530000000.0,2023-03-31,MDKI.JK,13720000000,19180000000,24390000000,-224000000.0,1060000000000.0,,108490000000.0,22820000000.0,950550000000.0,936020000000.0,68290000000,184910000000,184910000000,681230000000,2520000000.0,368000000.0
117520000000.0,12270000000.0,13740000000.0,-3300000000.0,10330000000.0,2530000000.0,2023-06-30,MDKI.JK,12270000000,17550000000,23140000000,-174000000.0,1050000000000.0,,115210000000.0,18030000000.0,935640000000.0,921000000000.0,75340000000,198230000000,198230000000,675640000000,14230000000.0,13120000000.0
121790000000.0,13940000000.0,15060000000.0,-2900000000.0,11990000000.0,2530000000.0,2023-09-30,MDKI.JK,13940000000,19530000000,23480000000,-158000000.0,1050000000000.0,,96450000000.0,17230000000.0,947460000000.0,932650000000.0,56650000000,224350000000,224350000000,674010000000,56810000000.0,52530000000.0
124560000000.0,15550000000.0,16170000000.0,-3630000000.0,12280000000.0,2530000000.0,2023-12-31,MDKI.JK,15550000000,16230000000,33810000000,-452000000.0,1060000000000.0,,99640000000.0,21050000000.0,961960000000.0,947140000000.0,63380000000,221820000000,221820000000,674620000000,-7840000000.0,-5730000000.0
85020000000.0,10010000000.0,11220000000.0,-2170000000.0,8850000000.0,2530000000.0,2024-03-31,MDKI.JK,10010000000,14410000000,20430000000,-223000000.0,1080000000000.0,,101180000000.0,20230000000.0,971070000000.0,956050000000.0,65720000000,206540000000,206540000000,673030000000,-11650000000.0,-14460000000.0
64480000000.0,1740000000.0,3080000000.0,-407000000.0,2480000000.0,2530000000.0,2024-06-30,MDKI.JK,1740000000,6220000000,12840000000,-286000000.0,1060000000000.0,,112750000000.0,12420000000.0,942940000000.0,928150000000.0,78940000000,209730000000,209730000000,665520000000,9980000000.0,5430000000.0
257240000000.0,34480000000.0,34380000000.0,-8279999999.0,26100000000.0,10840000000.0,2022-12-31,BMAS.JK,,,,,14960000000000.0,1190000000000,11800000000000.0,728780000000.0,3150000000000.0,3150000000000.0,,,,,42680000000.0,40180000000.0
259839999999.0,28210000000.0,28100000000.0,-6830000000.0,21270000000.0,14300000000.0,2023-03-31,BMAS.JK,,,,,15790000000000.0,1640000000000,12620000000000.0,724580000000.0,3180000000000.0,3180000000000.0,,,,,28050000000.0,26700000000.0
278030000000.0,28350000000.0,28280000000.0,-6630000000.0,21650000000.0,14300000000.0,2023-06-30,BMAS.JK,,,,,16180000000000.0,1190000000000,12980000000000.0,912080000000.0,3210000000000.0,3210000000000.0,,,,,28660000000.0,27610000000.0
347970000000.0,9270000000.0,9580000000.0,-2580000000.0,7000000000.0,14300000000.0,2023-09-30,BMAS.JK,,,,,20840000000000.0,1980000000000,17630000000000.0,1040000000000.0,3210000000000.0,3210000000000.0,,,,,42630000000.0,34229999999.0
368710000000.0,18310000000.0,17870000000.0,-4540000000.0,13330000000.0,14330000000.0,2023-12-31,BMAS.JK,,,,,19670000000000.0,1150000000000,12940000000000.0,1690000000000.0,6720000000000.0,6720000000000.0,,,,,100240000000.0,95630000000.0
373310000000.0,49290000000.0,53560000000.0,-11930000000.0,41630000000.0,18100000000.0,2024-03-31,BMAS.JK,,,,,21070000000000.0,991300000000,14310000000000.0,2150000000000.0,6760000000000.0,6760000000000.0,,,,,-2020000000000.0,-2029999999999.0
386780000000.0,16690000000.0,12920000000.0,-4179999999.0,8740000000.0,18100000000.0,2024-06-30,BMAS.JK,,,,,21370000000000.0,827930000000,14610000000000.0,2350000000000.0,6770000000000.0,6770000000000.0,,,,,2100000000000.0,2100000000000.0
110710000000.0,-14690000000.0,-14150000000.0,-1910000000.0,-16050000000.0,520159999.0,2022-12-31,LION.JK,-14690000000,-12500000000,47010000000,-458390000.0,684500000000.0,,209680000000.0,37590000000.0,474810000000.0,474810000000.0,135300000000,95390000000,47310000000,211120000000,8060000000.0,6120000000.0
121960000000.0,8890000000.0,8470000000.0,-1800000000.0,6670000000.0,520159999.0,2023-03-31,LION.JK,8890000000,10970000000,34890000000,-707670000.0,672280000000.0,,190790000000.0,37620000000.0,481490000000.0,481490000000.0,118200000000,79120000000,37760000000,208650000000,-2340000000.0,-2340000000.0
52870000000.0,-6880000000.0,-7650000000.0,-310840000.0,-7960000000.0,520159999.0,2023-06-30,LION.JK,-6880000000,-4800000000,15550000000,-1060000000.0,705540000000.0,,232020000000.0,81900000000.0,473520000000.0,473520000000.0,123380000000,112660000000,64760000000,207720000000,-19230000000.0,-20810000000.0
189790000000.0,27460000000.0,27320000000.0,-5210000000.0,22110000000.0,520159999.0,2023-09-30,LION.JK,27460000000,29620000000,55070000000,-1850000000.0,738750000000.0,,245200000000.0,78970000000.0,493550000000.0,493550000000.0,133460000000,129139999999,67720000000,205520000000,20260000000.0,20160000000.0
87520000000.0,-11620000000.0,-12490000000.0,-1700000000.0,-14190000000.0,520159999.0,2023-12-31,LION.JK,-11620000000,-9940000000,31440000000,-1910000000.0,742890000000.0,,251500000000.0,71920000000.0,491380000000.0,491380000000.0,159260000000,69830000000,64110000000,261120000000,5260000000.0,2800000000.0
96640000000.0,5700000000.0,6290000000.0,-1700000000.0,4590000000.0,520159999.0,2024-03-31,LION.JK,5700000000,7560000000,31200000000,-1440000000.0,724140000000.0,,228170000000.0,69970000000.0,495980000000.0,495980000000.0,136580000000,105780000000,99960000000,261779999999,40290000000.0,40260000000.0
121360000000.0,-8250000000.0,-7460000000.0,1280000000.0,-6180000000.0,520159999.0,2024-06-30,LION.JK,-8250000000,-6390000000,13460000000,-950970000.0,682720000000.0,,192930000000.0,53630000000.0,489790000000.0,489790000000.0,113210000000,104890000000,99070000000,266970000000,22350000000.0,17940000000.0
22300000000.0,280720000.0,325850000.0,0.0,-128009999.0,2550000000.0,H1 '23-12-31,NAYZ.JK,280720000,1370000000,9340000000,-251810000.0,,,,,,,,,,,-11580000000000.0,-12870000000000.0
25400000000.0,1510000000.0,1530000000.0,-345510000.0,1190000000.0,2550000000.0,H1 '24-12-31,NAYZ.JK,1510000000,2240000000,6020000000,-31280000.0,75530000000.0,,4000000000.0,372760000.0,71540000000.0,71540000000.0,3590000000.0,11460000000.0,11460000000.0,40490000000.0,522179999.0,-10970000000.0
10780000000.0,1020000000.0,745890000.0,-129320000.0,616570000.0,5870000000.0,2022-12-31,CBRE.JK,1020000000,4810000000,2760000000,-405310000.0,129930000000.0,,38600000000.0,28160000000.0,91330000000.0,91330000000.0,14930000000,2530000000,2530000000,122970000000,1790000000.0,-43230000.0
12730000000.0,4460000000.0,4420000000.0,-152820000.0,4269999999.0,4540000000.0,2023-03-31,CBRE.JK,4460000000,8090000000,7430000000,-481520000.0,208270000000.0,,36120000000.0,27820000000.0,172150000000.0,172150000000.0,12960000000,53060000000,53060000000,141510000000,1690000000.0,-18920000000.0
10990000000.0,2630000000.0,2730000000.0,-131940000.0,2590000000.0,4540000000.0,2023-06-30,CBRE.JK,2630000000,5560000000,5400000000,-567410000.0,208120000000.0,,33380000000.0,25910000000.0,174740000000.0,174740000000.0,12100000000,53830000000,53830000000,140760000000,6110000000.0,-2780000000.0
9790000000.0,1740000000.0,1400000000.0,-117490000.0,1280000000.0,4540000000.0,2023-09-30,CBRE.JK,1740000000,3060000000,4139999999,-498880000.0,208620000000.0,,32590000000.0,24760000000.0,176030000000.0,176030000000.0,12530000000,52220000000,52220000000,139840000000,2140000000.0,-35610000.0
9210000000.0,-6280000000.0,-7130000000.0,-110490000.0,-7240000000.0,4540000000.0,2023-12-31,CBRE.JK,-6280000000,802240000,-3650000000,-461880000.0,352970000000.0,,184280000000.0,172380000000.0,168680000000.0,168680000000.0,30040000000,173590000000,173590000000,162580000000,-5960000000.0,-28350000000.0
15100000000.0,5650000000.0,2130000000.0,-181180000.0,1940000000.0,4520000000.0,2024-03-31,CBRE.JK,5650000000,11380000000,7350000000,-3560000000.0,358150000000.0,,187530000000.0,174880000000.0,170630000000.0,170630000000.0,35190000000,8570000000,8570000000,325920000000,884300000.0,-167480000000.0
16870000000.0,-2990000000.0,-5560000000.0,-202470000.0,-5760000000.0,4540000000.0,2024-06-30,CBRE.JK,-2990000000,3719999999,3400000000,-2570000000.0,355950000000.0,,191080000000.0,179680000000.0,164870000000.0,164870000000.0,33830000000,7530000000,7530000000,323460000000,-6270000000.0,-7210000000.0
13760000000.0,-3210000000.0,-31850000000.0,5960000000.0,-25880000000.0,701040000.0,2022-09-30,PRAS.JK,-3210000000.0,6160000000.0,2780000000.0,-3240000000.0,1609999999999.0,,1180000000000.0,955690000000.0,434930000000.0,434930000000.0,216820000000.0,3600000000.0,3600000000.0,1240000000000.0,-395330000.0,-395330000.0
18110000000.0,-5770000000.0,-40230000000.0,7390000000.0,-32850000000.0,701040000.0,2022-12-31,PRAS.JK,-5770000000.0,2660000000.0,9890000.0,-1819999999.0,1580000000000.0,,1200000000000.0,984870000000.0,374440000000.0,374440000000.0,229740000000.0,2560000000.0,2560000000.0,1260000000000.0,-369950000.0,-369950000.0
19690000000.0,-20990000000.0,-54870000000.0,10340000000.0,-44530000000.0,701040000.0,2023-03-31,PRAS.JK,-20990000000.0,-11660000000.0,-16309999999.0,-311610000.0,1460000000000.0,,1150000000000.0,943530000000.0,303170000000.0,303170000000.0,233310000000.0,1810000000.0,1810000000.0,1160000000000.0,691520000.0,691520000.0
6120000000.0,-14810000000.0,-12750000000.0,2360000000.0,-10390000000.0,701040000.0,2023-06-30,PRAS.JK,-14810000000.0,-5310000000.0,-10760000000.0,-225650000.0,1480000000000.0,,1160000000000.0,940020000000.0,329040000000.0,329040000000.0,254880000000.0,2140000000.0,2140000000.0,1200000000000.0,-433280000.0,-433280000.0
8620000000.0,-124870000000.0,-158760000000.0,30160000000.0,-128600000000.0,701040000.0,2023-09-30,PRAS.JK,-124870000000.0,-115410000000.0,-122510000000.0,-211960000.0,1440000000000.0,,1190000000000.0,970860000000.0,247390000000.0,247390000000.0,171980000000.0,2490000000.0,2490000000.0,1270000000000.0,1560000000.0,1560000000.0
,,,,,,2023-12-31,PRAS.JK,,,,,,,,,,,,,,,,
,,,,,,2024-03-31,PRAS.JK,,,,,,,,,,,,,,,,
39300000000.0,1120000000.0,3000000000.0,-211110000.0,2790000000.0,5000000000.0,2022-09-30,IRSX.JK,1120000000,1210000000,2089999999,0.0,,,,,,,,,,,-28710000000.0,-28710000000.0
37910000000.0,2380000000.0,2390000000.0,-875500000.0,1510000000.0,5000000000.0,2023-03-31,IRSX.JK,2380000000,2430000000,4590000000,0.0,171610000000.0,,3690000000.0,0.0,167920000000.0,167820000000.0,3270000000.0,13960000000.0,13960000000.0,1260000000.0,-91070000000.0,-91160000000.0
80920000000.0,289540000.0,292730000.0,-258950000.0,32939999.0,5000000000.0,2023-06-30,IRSX.JK,289540000,320580000,1589999999,0.0,172690000000.0,,4740000000.0,0.0,167950000000.0,167850000000.0,4320000000.0,38710000000.0,38710000000.0,3050000000.0,26580000000.0,26540000000.0
73450000000.0,1960000000.0,2120000000.0,-712060000.0,1410000000.0,6130000000.0,2023-09-30,IRSX.JK,1960000000,2130000000,3750000000,0.0,171880000000.0,,2490000000.0,0.0,169390000000.0,169290000000.0,2060000000.0,29680000000.0,3680000000.0,8690000000.0,-3260000000.0,-3280000000.0
56530000000.0,-7270000000.0,-7450000000.0,2170000000.0,-5280000000.0,5000000000.0,2023-12-31,IRSX.JK,-7270000000,-6920000000,-6230000000,-48500000.0,168000000000.0,,3950000000.0,208140000.0,164050000000.0,163950000000.0,3200000000.0,28820000000.0,2820000000.0,9970000000.0,-1400000000.0,-1370000000.0
195570000000.0,759630000.0,788960000.0,-187480000.0,601150000.0,6400000000.0,2024-03-31,IRSX.JK,759630000,977290000,1910000000,,167450000000.0,,2800000000.0,156110000.0,164650000000.0,164550000000.0,2049999999.0,30950000000.0,4950000000.0,9670000000.0,2190000000.0,2190000000.0
285130000000.0,848230000.0,905290000.0,-211850000.0,693130000.0,6400000000.0,2024-06-30,IRSX.JK,848230000,1080000000,1790000000,,168890000000.0,,3550000000.0,104070000.0,165340000000.0,165240000000.0,2790000000.0,29690000000.0,3690000000.0,9820000000.0,-713070000.0,-713070000.0
17730000000.0,-3190000000.0,-1990000000.0,-23830000.0,-2020000000.0,833440000.0,2023-03-31,CANI.JK,-3190000000,10960000000,-2730000000,-11180000.0,276120000000.0,,678280000000.0,0.0,-402160000000.0,-402160000000.0,677240000000,1200000000,1200000000,242030000000,1120000000.0,1120000000.0
17100000000.0,-10190000000.0,-11020000000.0,-56010000.0,-11080000000.0,833440000.0,2023-06-30,CANI.JK,-10190000000,4570000000,-4580000000,-2820000.0,260990000000.0,,683240000000.0,0.0,-422250000000.0,-422250000000.0,682120000000,2940000000,2940000000,232910000000,-3220000000.0,-3220000000.0
9520000000.0,-11230000000.0,-11890000000.0,0.0,-11890000000.0,833440000.0,2023-09-30,CANI.JK,-11230000000,3150000000,-9960000000,-2850000.0,235310000000.0,,653730000000.0,0.0,-418420000000.0,-418420000000.0,652630000000,2130000000,2130000000,210170000000,-575190000.0,-575190000.0
10300000000.0,-28730000000.0,-28240000000.0,-412220000.0,-28660000000.0,833440000.0,2023-12-31,CANI.JK,-28730000000,-15120000000,-24010000000,-2290000.0,219640000000.0,,666880000000.0,0.0,-447240000000.0,-447240000000.0,665560000000,910480000,910480000,196420000000,-1210000000.0,-1210000000.0
14340000000.0,-7030000000.0,-2730000000.0,-29220000.0,-2760000000.0,833440000.0,2024-03-31,CANI.JK,-7030000000,6930000000,-5580000000,-5170000.0,221870000000.0,,685700000000.0,0.0,-463830000000.0,-463830000000.0,684320000000,5040000000,5040000000,190110000000,3870000000.0,3870000000.0
14730000000.0,-8109999999.0,-8090000000.0,-69560000.0,-8160000000.0,833440000.0,2024-06-30,CANI.JK,-8109999999,6260000000,-8060000000,-6480000.0,217030000000.0,,687170000000.0,0.0,-470140000000.0,-470140000000.0,685760000000,6960000000,6960000000,176980000000,2760000000.0,
7090000000.0,-14600000000.0,-13490000000.0,-33620000.0,-13520000000.0,833440000.0,2024-09-30,CANI.JK,-14600000000,-152750000,-13940000000,-5850000.0,201680000000.0,,699500000000.0,0.0,-497820000000.0,-497820000000.0,698030000000,3960000000,3960000000,169310000000,-3130000000.0,
38360000000.0,4620000000.0,2460000000.0,-454460000.0,2000000000.0,2150000000.0,2022-09-30,LAJU.JK,4620000000,7650000000,8279999999,-1530000000.0,,,,,,,,,,,,
41380000000.0,6220000000.0,4130000000.0,-886210000.0,3240000000.0,2150000000.0,2023-03-31,LAJU.JK,6220000000,9600000000,10110000000,-2080000000.0,177190000000.0,,55880000000.0,51260000000.0,121310000000.0,121310000000.0,32380000000.0,80400000000.0,80400000000.0,82110000000.0,13540000000.0,9380000000.0
37890000000.0,6160000000.0,4810000000.0,-1050000000.0,3760000000.0,2150000000.0,2023-06-30,LAJU.JK,6160000000,9610000000,10220000000,-1440000000.0,177440000000.0,,52280000000.0,48450000000.0,125160000000.0,125160000000.0,36220000000.0,63270000000.0,63270000000.0,99330000000.0,-12710000000.0,-40190000000.0
42950000000.0,3070000000.0,2570000000.0,-350660000.0,2220000000.0,2150000000.0,2023-09-30,LAJU.JK,3070000000,6730000000,8029999999,-1450000000.0,173840000000.0,,48190000000.0,43290000000.0,125650000000.0,125650000000.0,33850000000.0,54450000000.0,54450000000.0,98000000000.0,18960000000.0,23050000000.0
44560000000.0,5760000000.0,4510000000.0,-949490000.0,3560000000.0,2150000000.0,2023-12-31,LAJU.JK,5760000000,9570000000,10420000000,-1540000000.0,181360000000.0,,52390000000.0,46880000000.0,128979999999.0,128979999999.0,34009999999.0,58240000000.0,50740000000.0,101950000000.0,703010000.0,-1910000000.0
43100000000.0,4019999999.0,3250000000.0,-649110000.0,2600000000.0,2150000000.0,2024-03-31,LAJU.JK,4019999999,7930000000,8020000000,-1100000000.0,190790000000.0,,59210000000.0,54240000000.0,131590000000.0,131590000000.0,32170000000.0,55290000000.0,47790000000.0,109410000000.0,2740000000.0,-9040000000.0
43830000000.0,2420000000.0,1530000000.0,-407220000.0,1120000000.0,2150000000.0,2024-06-30,LAJU.JK,2420000000,6480000000,8580000000,-1210000000.0,198680000000.0,,67879999999.0,63140000000.0,130800000000.0,130800000000.0,38180000000.0,57040000000.0,49540000000.0,118220000000.0,4820000000.0,-8180000000.0
590820000000.0,32049999999.0,28600000000.0,-11870000000.0,16730000000.0,405000000.0,2022-12-31,KDSI.JK,32049999999,44110000000,90320000000,-9380000000.0,1290000000000.0,,551310000000.0,295130000000.0,737900000000.0,737900000000.0,338940000000,48720000000,48720000000,529179999999,80700000000.0,65560000000.0
602360000000.0,31540000000.0,25940000000.0,-9560000000.0,16379999999.0,405000000.0,2023-03-31,KDSI.JK,31540000000,43560000000,83670000000,-5170000000.0,1330000000000.0,,580780000000.0,237670000000.0,752800000000.0,752800000000.0,378720000000,122140000000,122140000000,521900000000,133410000000.0,131810000000.0
489730000000.0,23550000000.0,18670000000.0,-3520000000.0,15150000000.0,405000000.0,2023-06-30,KDSI.JK,23550000000,35540000000,72010000000,-4910000000.0,1280000000000.0,,505160000000.0,264470000000.0,773110000000.0,773110000000.0,326830000000,172240000000,172240000000,507260000000,23790000000.0,23480000000.0
501670000000.0,61780000000.0,57310000000.0,-11870000000.0,45440000000.0,405000000.0,2023-09-30,KDSI.JK,61780000000,73550000000,116080000000,-5970000000.0,1150000000000.0,,367450000000.0,141830000000.0,783790000000.0,783790000000.0,240720000000,56830000000,56830000000,500730000000,40680000000.0,37030000000.0
533909999999.0,5890000000.0,-7830000000.0,10320000000.0,2490000000.0,405000000.0,2023-12-31,KDSI.JK,5890000000,17520000000,86230000000,-10320000000.0,1130000000000.0,,344170000000.0,98030000000.0,784350000000.0,784350000000.0,211230000000,70520000000,70520000000,515350000000,67930000000.0,56170000000.0
502660000000.0,39920000000.0,36280000000.0,-9480000000.0,26800000000.0,405000000.0,2024-03-31,KDSI.JK,39920000000,51590000000,90310000000,-5100000000.0,1190000000000.0,,384470000000.0,118190000000.0,810080000000.0,810080000000.0,261079999999,111440000000,111440000000,505730000000,22100000000.0,19950000000.0
492930000000.0,24900000000.0,21760000000.0,-7090000000.0,14670000000.0,405000000.0,2024-06-30,KDSI.JK,24900000000,36150000000,76920000000,-5250000000.0,1180000000000.0,,391510000000.0,101420000000.0,784670000000.0,784670000000.0,287100000000,46200000000,46200000000,504480000000,6110000000.0,-17660000000.0
440500000000.0,-37490000000.0,-31920000000.0,7260000000.0,-24660000000.0,13860000000.0,2022-12-31,ARTO.JK,,,,,16969999999999.0,1280000000000,8699999999999.0,59680000000.0,8260000000000.0,8260000000000.0,,,,,481060000000.0,476710000000.0
515240000000.0,14950000000.0,22450000000.0,-4950000000.0,17500000000.0,13860000000.0,2023-03-31,ARTO.JK,,,,,18020000000000.0,1170000000000,9740000000000.0,59030000000.0,8279999999999.0,8279999999999.0,,,,,170600000000.0,167290000000.0
560370000000.0,29770000000.0,29560000000.0,-6550000000.0,23010000000.0,13860000000.0,2023-06-30,ARTO.JK,,,,,18870000000000.0,1700000000000,10560000000000.0,57660000000.0,8310000000000.0,8310000000000.0,,,,,14130000000.0,13310000000.0
494670000000.0,18020000000.0,17980000000.0,-8210000000.0,9780000000.0,13860000000.0,2023-09-30,ARTO.JK,,,,,19130000000000.0,1550000000000,10790000000000.0,56200000000.0,8330000000000.0,8330000000000.0,,,,,95370000000.0,91080000000.0
497660000000.0,24060000000.0,23570000000.0,-1500000000.0,22070000000.0,13860000000.0,2023-12-31,ARTO.JK,,,,,21300000000000.0,2420000000000,12940000000000.0,203940000000.0,8359999999999.0,8359999999999.0,,,,,288680000000.0,288150000000.0
500580000000.0,27860000000.0,27830000000.0,-6120000000.0,21710000000.0,13860000000.0,2024-03-31,ARTO.JK,,,,,22500000000000.0,2730000000000,14120000000000.0,53620000000.0,8390000000000.0,8390000000000.0,,,,,137180000000.0,132560000000.0
540020000000.0,37170000000.0,36240000000.0,-7980000000.0,28260000000.0,14100000000.0,2024-06-30,ARTO.JK,,,,,24250000000000.0,3340000000000,15820000000000.0,53230000000.0,8420000000000.0,8420000000000.0,,,,,359600000000.0,355710000000.0
9260000000.0,-220950000.0,-101940000.0,0.0,179540000.0,1000000000.0,2022-12-31,PURI.JK,-220950000,-77880000,,,316740000000.0,,190640000000.0,29550000000.0,126100000000.0,100060000000.0,,28130000000,28130000000,,-2750000000.0,-2800000000.0
873030000.0,-3120000000.0,-3060000000.0,0.0,-2690000000.0,1000000000.0,2023-03-31,PURI.JK,-3120000000,-2980000000,,,317560000000.0,,193510000000.0,31990000000.0,124050000000.0,97370000000.0,,19430000000,19430000000,,-11110000000.0,-11130000000.0
835230000.0,-3260000000.0,-3260000000.0,0.0,-2950000000.0,1000000000.0,2023-06-30,PURI.JK,-3260000000,-3000000000,,,333670000000.0,,212880000000.0,39420000000.0,120790000000.0,94420000000.0,,21440000000,21440000000,,-2049999999.0,-5420000000.0
9030000000.0,-588250000.0,-582860000.0,0.0,-367450000.0,1000000000.0,2023-09-30,PURI.JK,-588250000,-310510000,,,346680000000.0,,226480000000.0,40040000000.0,120210000000.0,94050000000.0,,18940000000,18940000000,,-2320000000.0,-3070000000.0
55210000000.0,8940000000.0,8050000000.0,-58790000.0,8420000000.0,1000000000.0,2023-12-31,PURI.JK,8940000000,9260000000,,,344860000000.0,,216700000000.0,41600000000.0,128150000000.0,102430000000.0,,12010000000,12010000000,,-6470000000.0,-6930000000.0
2490000000.0,-2920000000.0,-3790000000.0,0.0,-3450000000.0,1000000000.0,2024-03-31,PURI.JK,-2920000000,-2630000000,,,388200000000.0,,263839999999.0,54000000000.0,124360000000.0,98980000000.0,,19000000000,19000000000,,-5160000000.0,-5640000000.0
5330000000.0,-2880000000.0,-3990000000.0,0.0,-3510000000.0,1000000000.0,2024-06-30,PURI.JK,-2880000000,-2600000000,,,398560000000.0,,278190000000.0,62150000000.0,120370000000.0,95460000000.0,,17740000000,17740000000,,-8920000000.0,-8940000000.0
1730000000.0,851080000.0,-38600000000.0,-248830000.0,-38840000000.0,6450000000.0,2022-12-31,AKKU.JK,851080000,909290000,1660000000,-35720000000.0,726400000000.0,,292010000000.0,78070000000.0,434390000000.0,434390000000.0,283400000000,6260000000,6260000000,688990000000,-2610000000.0,-2610000000.0
1240000000.0,-1850000000.0,-1410000000.0,0.0,-1410000000.0,6450000000.0,2023-03-31,AKKU.JK,-1850000000,-1790000000,1170000000,-18390000.0,725880000000.0,,292900000000.0,78370000000.0,433980000000.0,433980000000.0,283980000000,5590000000,5590000000,689070000000,-825950000.0,
1819999999.0,-804730000.0,-804630000.0,0.0,-804620000.0,6450000000.0,2023-06-30,AKKU.JK,-804730000,-745670000,1750000000,,725160000000.0,,292980000000.0,78340000000.0,432180000000.0,432180000000.0,284100000000,5790000000,5790000000,688880000000,99000000.0,
1560000000.0,-1010000000.0,-930330000.0,0.0,-930400000.0,6450000000.0,2023-09-30,AKKU.JK,-1010000000,-948120000,1500000000,-46370000.0,726690000000.0,,295440000000.0,79740000000.0,431250000000.0,431250000000.0,286590000000,6920000000,6920000000,688800000000,-299650000.0,-303450000.0
2550000000.0,-1170000000.0,-1470000000.0,-32770000.0,-1510000000.0,6450000000.0,2023-12-31,AKKU.JK,-1170000000,-1110000000,2480000000,-65500000.0,717610000000.0,,287350000000.0,73130000000.0,430270000000.0,430270000000.0,213110000000,5560000000,5560000000,39560000000,-1340000000.0,-1410000000.0
1640000000.0,-363990000.0,-272320000.0,0.0,-272280000.0,6450000000.0,2024-03-31,AKKU.JK,-363990000,-299890000,1569999999,-102780000.0,717820000000.0,,287820000000.0,72280000000.0,430000000000.0,430000000000.0,214280000000,5600000000,5600000000,39490000000,-127780000.0,-130320000.0
2089999999.0,-596250000.0,-517830000.0,0.0,-517760000.0,6450000000.0,2024-06-30,AKKU.JK,-596250000,-531320000,2020000000,,718210000000.0,,288730000000.0,72260000000.0,429480000000.0,429480000000.0,215160000000,5590000000,5590000000,39450000000,-7870000.0,-25660000.0
92650000000.0,-8880000000.0,-10530000000.0,1850000000.0,-8680000000.0,1000000000.0,2022-12-31,AGAR.JK,-8880000000,-5190000000,2570000000,-1890000000.0,199100000000.0,,92300000000.0,81250000000.0,106800000000.0,106800000000.0,81160000000,25910000000,25910000000,52610000000,6330000000.0,8100000000.0
176010000000.0,1470000000.0,-1100000000.0,0.0,-1100000000.0,1000000000.0,2023-03-31,AGAR.JK,1470000000,1580000000,8910000000,-1490000000.0,232120000000.0,,126420000000.0,83690000000.0,105700000000.0,105700000000.0,115970000000,3880000000,3880000000,52780000000,-24470000000.0,-24470000000.0
113260000000.0,3020000000.0,2320000000.0,-324480000.0,1990000000.0,1000000000.0,2023-06-30,AGAR.JK,3020000000,3140000000,10030000000,-1300000000.0,221000000000.0,,113300000000.0,76460000000.0,107700000000.0,107700000000.0,103550000000,4910000000,4910000000,53040000000,8920000000.0,8670000000.0
81330000000.0,1450000000.0,450610000.0,-271210000.0,179410000.0,1000000000.0,2023-09-30,AGAR.JK,1450000000,1569999999,7950000000,-1430000000.0,191580000000.0,,83710000000.0,64769999999.0,107870000000.0,107870000000.0,74650000000,12480000000,12480000000,52970000000,19210000000.0,18860000000.0
67099999999.0,-972130000.0,-1600000000.0,538820000.0,-1060000000.0,1000000000.0,2023-12-31,AGAR.JK,-972130000,1260000000,5600000000,-995150000.0,196910000000.0,,89950000000.0,66970000000.0,106970000000.0,106970000000.0,81650000000,8680000000,8680000000,53370000000,-15920000000.0,-16020000000.0
75340000000.0,-403160000.0,-1839999999.0,0.0,-1839999999.0,1000000000.0,2024-03-31,AGAR.JK,-403160000,198890000,6190000000,-1260000000.0,200210000000.0,,95080000000.0,70820000000.0,105120000000.0,105120000000.0,87480000000,7520000000,7520000000,54390000000,-5540000000.0,
82370000000.0,2000000000.0,615560000.0,-13130000.0,602450000.0,1000000000.0,2024-06-30,AGAR.JK,2000000000,2540000000,7770000000,-1270000000.0,197570000000.0,,91840000000.0,75080000000.0,105730000000.0,105730000000.0,84940000000,15950000000,15950000000,54540000000,775530000.0,
1260000000000.0,-50520000000.0,-15910000000.0,-14640000000.0,-30560000000.0,2500000000.0,2022-12-31,POLY.JK,-50520000000,-28560000000,32540000000,-2270000000.0,3550000000000.0,,18250000000000.0,16899999999999.0,-14700000000000.0,-14700000000000.0,17070000000000,123330000000,123330000000,1720000000000,75980000000.0,86650000000.0
1330000000000.0,-30970000000.0,-143540000000.0,-19500000000.0,-163040000000.0,2500000000.0,2023-03-31,POLY.JK,-30970000000,-13520000000,52350000000,-27630000000.0,3430000000000.0,,17760000000000.0,16329999999999.0,-14320000000000.0,-14320000000000.0,16620000000000,87130000000,87130000000,1640000000000,-30290000000.0,-31160000000.0
1030000000000.0,-93960000000.0,-59390000000.0,4110000000.0,-55270000000.0,2500000000.0,2023-06-30,POLY.JK,-93960000000,-74820000000,5030000000,-10660000000.0,3350000000000.0,,17720000000000.0,16320000000000.0,-14380000000000.0,-14380000000000.0,16590000000000,86710000000,86710000000,1620000000000,6910000000.0,4290000000.0
1090000000000.0,-76310000000.0,-60570000000.0,35820000000.0,-24750000000.0,2500000000.0,2023-09-30,POLY.JK,-76310000000,-57200000000,-8150000000,-19890000000.0,3300000000000.0,,18140000000000.0,16770000000000.0,-14840000000000.0,-14840000000000.0,16969999999999,111420000000,111420000000,1680000000000,19760000000.0,18780000000.0
979520000000.0,-82340000000.0,-79350000000.0,155030000000.0,75680000000.0,2500000000.0,2023-12-31,POLY.JK,-82340000000,-50680000000,-21440000000,-15450000000.0,3250000000000.0,,17960000000000.0,16700000000000.0,-14710000000000.0,-14710000000000.0,16930000000000,90900000000,90900000000,1650000000000,37270000000.0,25340000000.0
1020000000000.0,-37240000000.0,7730000000.0,3030000000.0,10760000000.0,2500000000.0,2024-03-31,POLY.JK,-37240000000,-16969999999,34360000000,-19910000000.0,3300000000000.0,,18430000000000.0,17149999999999.0,-15130000000000.0,-15130000000000.0,17360000000000,128960000000,128960000000,1680000000000,40680000000.0,40680000000.0
841410000000.0,-99240000000.0,-47190000000.0,1370000000.0,-45820000000.0,2500000000.0,2024-06-30,POLY.JK,-99240000000,-78280000000,-25670000000,-16480000000.0,3180000000000.0,,18860000000000.0,17610000000000.0,-15680000000000.0,-15680000000000.0,17760000000000,97930000000,97930000000,1710000000000,-28140000000.0,-28170000000.0
498410000000.0,36250000000.0,29580000000.0,4580000000.0,34159999999.0,1220000000.0,2022-12-31,ASRM.JK,,,,-369100000.0,1410000000000.0,,793530000000.0,11610000000.0,614120000000.0,614090000000.0,,,78780000000,,-2250000000.0,-5140000000.0
555670000000.0,38100000000.0,37220000000.0,-4059999999.0,33159999999.0,1220000000.0,2023-03-31,ASRM.JK,,,,-621490000.0,1510000000000.0,,865830000000.0,9780000000.0,646590000000.0,646560000000.0,,,95100000000,,4030000000.0,1460000000.0
569550000000.0,19510000000.0,19440000000.0,-3700000000.0,15740000000.0,1220000000.0,2023-06-30,ASRM.JK,,,,-458800000.0,1589999999999.0,,948960000000.0,10260000000.0,641180000000.0,641150000000.0,,,124760000000,,19080000000.0,16180000000.0
423340000000.0,7290000000.0,6710000000.0,-1530000000.0,5190000000.0,1220000000.0,2023-09-30,ASRM.JK,,,,-425860000.0,1540000000000.0,,898060000000.0,9290000000.0,646130000000.0,646110000000.0,,,123080000000,,3310000000.0,86910000.0
525010000000.0,49890000000.0,42850000000.0,-8150000000.0,34700000000.0,1220000000.0,2023-12-31,ASRM.JK,,,,,1609999999999.0,,932350000000.0,14360000000.0,678480000000.0,678440000000.0,,,85940000000,,-59420000000.0,-55520000000.0
561670000000.0,25120000000.0,25560000000.0,-2980000000.0,22580000000.0,1220000000.0,2024-03-31,ASRM.JK,,,,-406680000.0,1560000000000.0,,860480000000.0,15980000000.0,700340000000.0,700310000000.0,,,103850000000,,4580000000.0,2680000000.0
351550000000.0,26180000000.0,20860000000.0,-3540000000.0,17320000000.0,1220000000.0,2024-06-30,ASRM.JK,,,,-2300000000.0,1630000000000.0,,928370000000.0,15230000000.0,697180000000.0,697150000000.0,,,232010000000,,83730000000.0,82190000000.0
48200000000.0,34680000000.0,30210000000.0,-1270000000.0,28930000000.0,550000000.0,2022-12-31,GHON.JK,34680000000,36430000000,41310000000,-4500000000.0,1160000000000.0,,375810000000.0,283520000000.0,780810000000.0,780810000000.0,306360000000,73600000000,73600000000,1060000000000,28780000000.0,1100000000.0
48350000000.0,28850000000.0,23510000000.0,-833830000.0,22670000000.0,550000000.0,2023-03-31,GHON.JK,28850000000,36240000000,36130000000,-5440000000.0,1110000000000.0,,312690000000.0,230920000000.0,793980000000.0,793980000000.0,247100000000,8820000000,8820000000,1070000000000,11980000000.0,-7090000000.0
49690000000.0,28270000000.0,21710000000.0,-1810000000.0,19680000000.0,550000000.0,2023-06-30,GHON.JK,28270000000,34410000000,38510000000,-6810000000.0,1280000000000.0,,511980000000.0,323270000000.0,769200000000.0,746740000000.0,452000000000,11050000000,11050000000,1150000000000,56060000000.0,33650000000.0
52960000000.0,30450000000.0,31320000000.0,208950000.0,31310000000.0,550000000.0,2023-09-30,GHON.JK,30450000000,37930000000,38910000000,-6090000000.0,1230000000000.0,,427190000000.0,316680000000.0,805930000000.0,780980000000.0,363630000000,8650000000,8650000000,1190000000000,39830000000.0,9430000000.0
52640000000.0,33799999999.0,28040000000.0,-1920000000.0,26560000000.0,550000000.0,2023-12-31,GHON.JK,33799999999,41580000000,38570000000,-4740000000.0,1359999999999.0,,524100000000.0,412870000000.0,835040000000.0,813280000000.0,404000000000,92590000000,87060000000,1230000000000,24700000000.0,-7180000000.0
53920000000.0,26110000000.0,17780000000.0,-1290000000.0,16110000000.0,550000000.0,2024-03-31,GHON.JK,26110000000,41090000000,33299999999,-7880000000.0,1370000000000.0,,521450000000.0,428540000000.0,851530000000.0,829390000000.0,330880000000,101230000000,16420000000,1240000000000,20530000000.0,-2570000000.0
54750000000.0,35170000000.0,25070000000.0,-533669999.0,24090000000.0,550000000.0,2024-06-30,GHON.JK,35170000000,39130000000,45310000000,-10460000000.0,1420000000000.0,,630850000000.0,424750000000.0,787440000000.0,764850000000.0,425540000000,111050000000,105470000000,1260000000000,30910000000.0,16040000000.0
503520000000.0,15710000000.0,20220000000.0,-19930000000.0,296350000.0,517789999.0,2022-12-31,MREI.JK,,,,0.0,3500000000000.0,,2100000000000.0,0.0,1400000000000.0,1400000000000.0,,,980550000000,,-19880000000.0,-20260000000.0
406840000000.0,17270000000.0,18540000000.0,9910000000.0,28450000000.0,517789999.0,2023-03-31,MREI.JK,,,,0.0,3520000000000.0,,2080000000000.0,0.0,1430000000000.0,1430000000000.0,,,740300000000,,-109460000000.0,-110890000000.0
470940000000.0,17149999999.0,15340000000.0,-1430000000.0,13920000000.0,517789999.0,2023-06-30,MREI.JK,,,,0.0,3640000000000.0,,2170000000000.0,0.0,1470000000000.0,1470000000000.0,,,701070000000,,41110000000.0,41100000000.0
453470000000.0,10350000000.0,12790000000.0,-16290000000.0,-3500000000.0,517789999.0,2023-09-30,MREI.JK,,,,0.0,3650000000000.0,,2230000000000.0,0.0,1420000000000.0,1420000000000.0,,,643280000000,,78430000000.0,78270000000.0
613780000000.0,22930000000.0,23870000000.0,-1380000000.0,22480000000.0,517789999.0,2023-12-31,MREI.JK,,,,0.0,3810000000000.0,,2360000000000.0,0.0,1450000000000.0,1450000000000.0,,,1140000000000,,44910000000.0,42450000000.0
492740000000.0,19760000000.0,20630000000.0,14240000000.0,34870000000.0,517789999.0,2024-03-31,MREI.JK,,,,0.0,3880000000000.0,,2410000000000.0,0.0,1470000000000.0,1470000000000.0,,,871460000000,,-8220000000.0,-8289999999.0
583260000000.0,42120000000.0,47000000000.0,-6650000000.0,40350000000.0,517789999.0,2024-06-30,MREI.JK,,,,0.0,4010000000000.0,,2520000000000.0,0.0,1490000000000.0,1490000000000.0,,,704870000000,,-13390000000.0,-13920000000.0
249650000.0,-10230000000.0,-10230000000.0,0.0,-10230000000.0,676000000.0,2022-12-31,DEFI.JK,-10230000000,-10230000000,,,51680000000.0,,410870000.0,0.0,51270000000.0,51270000000.0,,16360000000,16360000000,,-924560000.0,-924560000.0
448290000.0,-682870000.0,-682870000.0,0.0,-682870000.0,676000000.0,2023-03-31,DEFI.JK,-682870000,-682040000,,,46880000000.0,,386960000.0,0.0,46490000000.0,46490000000.0,,15690000000,15690000000,,-492940000.0,-492940000.0
354190000.0,-999140000.0,-999140000.0,0.0,-999140000.0,676000000.0,2023-06-30,DEFI.JK,-999140000,-998700000,,,44430000000.0,,386140000.0,0.0,44040000000.0,44040000000.0,,14310000000,14310000000,,-801610000.0,-801610000.0
385900000.0,-672890000.0,-672890000.0,0.0,-672890000.0,676000000.0,2023-09-30,DEFI.JK,-672890000,-672650000,,,45330000000.0,,324970000.0,0.0,45000000000.0,45000000000.0,,13660000000,13660000000,,-527150000.0,-527150000.0
330840000.0,-912360000.0,-912360000.0,0.0,-912360000.0,676000000.0,2023-12-31,DEFI.JK,-912360000,-912120000,,,42030000000.0,,404180000.0,0.0,41630000000.0,41630000000.0,,13000000000,13000000000,,-745420000.0,-745420000.0
674500000.0,-1110000000.0,-1110000000.0,0.0,-1120000000.0,676000000.0,2024-03-31,DEFI.JK,-1110000000,-1100000000,,,39420000000.0,,650930000.0,0.0,38770000000.0,37250000000.0,,15110000000,11410000000,,-1790000000.0,-1790000000.0
1440000000.0,-548570000.0,-548570000.0,0.0,-2130000000.0,676000000.0,2024-06-30,DEFI.JK,-548570000,-531690000,,,36950000000.0,,507380000.0,0.0,36440000000.0,34850000000.0,,8460000000,6260000000,,618750000.0,618750000.0
26500000000.0,11480000000.0,12930000000.0,-1420000000.0,10450000000.0,1800000000.0,2022-12-31,RELI.JK,11480000000,13000000000,,,729120000000.0,,132229999999.0,85240000.0,596890000000.0,596680000000.0,,439640000000,39290000000,,11220000000.0,10630000000.0
9540000000.0,11590000000.0,11480000000.0,-937900000.0,10540000000.0,1800000000.0,2023-03-31,RELI.JK,11590000000,12840000000,,,748700000000.0,,144150000000.0,37410000.0,604560000000.0,604350000000.0,,82970000000,78470000000,,753530000.0,-2320000000.0
21920000000.0,13650000000.0,11210000000.0,284580000.0,11500000000.0,1800000000.0,2023-06-30,RELI.JK,13650000000,14880000000,,,774810000000.0,,135870000000.0,0.0,638940000000.0,638740000000.0,,424050000000,57150000000,,-12190000000.0,-12630000000.0
16430000000.0,8180000000.0,9730000000.0,-1410000000.0,8330000000.0,1800000000.0,2023-09-30,RELI.JK,8180000000,9460000000,,,768030000000.0,,157960000000.0,494260000.0,610070000000.0,609870000000.0,,388430000000,108720000000,,-13890000000.0,-15580000000.0
20910000000.0,2060000000.0,2170000000.0,3550000000.0,5730000000.0,1800000000.0,2023-12-31,RELI.JK,2060000000,3280000000,,,758810000000.0,,128930000000.0,452570000.0,629880000000.0,629670000000.0,,406680000000,78280000000,,10460000000.0,10020000000.0
15150000000.0,17129999999.0,18290000000.0,-2790000000.0,15510000000.0,1800000000.0,2024-03-31,RELI.JK,17129999999,18380000000,,,787600000000.0,,144800000000.0,410250000.0,642800000000.0,642610000000.0,,412460000000,110040000000,,7040000000.0,6980000000.0
13310000000.0,5990000000.0,7520000000.0,286720000.0,7810000000.0,1800000000.0,2024-06-30,RELI.JK,5990000000,7220000000,,,794160000000.0,,179260000000.0,367300000.0,614900000000.0,614730000000.0,,418890000000,113100000000,,1090000000.0,1120000000.0
17320000000.0,8320000000.0,8330000000.0,-332290000.0,7990000000.0,1460000000.0,2022-12-31,VINS.JK,,,,0.0,237320000000.0,,50780000000.0,1140000000.0,186540000000.0,186540000000.0,,,6220000000,,16030000000.0,16480000000.0
15660000000.0,2830000000.0,2670000000.0,0.0,2670000000.0,1460000000.0,2023-03-31,VINS.JK,,,,0.0,210010000000.0,,32200000000.0,722020000.0,177810000000.0,177810000000.0,,,7140000000,,-750460000.0,-752170000.0
18130000000.0,1070000000.0,1100000000.0,0.0,1100000000.0,1460000000.0,2023-06-30,VINS.JK,,,,,178720000000.0,,26270000000.0,495590000.0,152450000000.0,152450000000.0,,,1620000000,,2740000000.0,2740000000.0
17780000000.0,2040000000.0,2210000000.0,0.0,2210000000.0,1460000000.0,2023-09-30,VINS.JK,,,,0.0,233320000000.0,,74660000000.0,263550000.0,158660000000.0,158660000000.0,,,5060000000,,-2140000000.0,-2140000000.0
11880000000.0,1470000000.0,293790000.0,200580000.0,494370000.0,1460000000.0,2023-12-31,VINS.JK,,,,,196340000000.0,,42710000000.0,3330000000.0,153630000000.0,153630000000.0,,,53550000000,,5650000000.0,5570000000.0
20610000000.0,949680000.0,1170000000.0,0.0,1170000000.0,1460000000.0,2024-03-31,VINS.JK,,,,,179750000000.0,,28530000000.0,3370000000.0,151220000000.0,151220000000.0,,,51470000000,,3310000000.0,3310000000.0
15110000000.0,1270000000.0,1370000000.0,0.0,1370000000.0,1460000000.0,2024-06-30,VINS.JK,,,,,175410000000.0,,27570000000.0,3030000000.0,147840000000.0,147840000000.0,,,50440000000,,-718140000.0,-733120000.0
513750000000.0,117170000000.0,68990000000.0,-15770000000.0,53150000000.0,781250000.0,2022-12-31,PNGO.JK,117170000000,133370000000,181810000000,-12410000000.0,1550000000000.0,,842070000000.0,696220000000.0,708550000000.0,705800000000.0,337120000000,72200000000,72200000000,1050000000000,124570000000.0,126630000000.0
591340000000.0,86900000000.0,92460000000.0,-21020000000.0,71350000000.0,781250000.0,2023-03-31,PNGO.JK,86900000000,102970000000,129780000000,-10140000000.0,1450000000000.0,,673880000000.0,525890000000.0,778440000000.0,775610000000.0,188900000000,29790000000,29790000000,1060000000000,151340000000.0,130539999999.0
463340000000.0,40520000000.0,25290000000.0,-6280000000.0,19000000000.0,781250000.0,2023-06-30,PNGO.JK,40520000000,57260000000,87030000000,-10090000000.0,1410000000000.0,,664190000000.0,529500000000.0,749020000000.0,746190000000.0,204980000000,8860000000,8860000000,1100000000000,73480000000.0,23090000000.0
468270000000.0,79440000000.0,81870000000.0,-19190000000.0,62500000000.0,781250000.0,2023-09-30,PNGO.JK,79440000000,95830000000,129280000000,-10270000000.0,1470000000000.0,,663750000000.0,507530000000.0,810150000000.0,807140000000.0,213360000000,8270000000,8270000000,1120000000000,61480000000.0,25540000000.0
514330000000.0,84490000000.0,50780000000.0,-12230000000.0,38490000000.0,781250000.0,2023-12-31,PNGO.JK,84490000000,101950000000,142380000000,-10560000000.0,1490000000000.0,,692310000000.0,547030000000.0,796840000000.0,793780000000.0,272540000000,28710000000,28710000000,1150000000000,77520000000.0,29310000000.0
430350000000.0,71000000000.0,76810000000.0,-17560000000.0,59080000000.0,781250000.0,2024-03-31,PNGO.JK,71000000000,85740000000,110440000000,-8950000000.0,1500000000000.0,,642360000000.0,496400000000.0,855640000000.0,852410000000.0,236360000000,18410000000,18410000000,1170000000000,75370000000.0,42550000000.0
492940000000.0,71950000000.0,67260000000.0,-15810000000.0,51440000000.0,781250000.0,2024-06-30,PNGO.JK,71950000000,88250000000,119880000000,-10130000000.0,1569999999999.0,,665240000000.0,521260000000.0,906640000000.0,903390000000.0,279670000000,31000000000,31000000000,1180000000000,25640000000.0,-10200000000.0
141470000000.0,-5720000000.0,-14310000000.0,-1060000000.0,-15380000000.0,1010000000.0,2022-12-31,LMPI.JK,-5720000000,-1740000000,19930000000,-6420000000.0,694290000000.0,,488320000000.0,247310000000.0,205960000000.0,205960000000.0,421460000000,7250000000,7250000000,209280000000,17530000000.0,15990000000.0
129380000000.0,-379430000.0,-6540000000.0,1310000000.0,-5230000000.0,1010000000.0,2023-03-31,LMPI.JK,-379430000,4110000000,15540000000,-6000000000.0,696770000000.0,,496040000000.0,256260000000.0,200730000000.0,200730000000.0,433700000000,6730000000,6730000000,205320000000,-10420000000.0,-10600000000.0
128039999999.0,-928610000.0,-6800000000.0,1280000000.0,-5520000000.0,1010000000.0,2023-06-30,LMPI.JK,-928610000,3550000000,13210000000,-5910000000.0,690880000000.0,,495670000000.0,252450000000.0,195210000000.0,195210000000.0,437860000000,7730000000,7730000000,202320000000,5220000000.0,5000000000.0
150250000000.0,2590000000.0,-3370000000.0,668760000.0,-2700000000.0,1010000000.0,2023-09-30,LMPI.JK,2590000000,7050000000,19090000000,-5520000000.0,690800000000.0,,498300000000.0,251920000000.0,192500000000.0,192500000000.0,445010000000,7280000000,7280000000,198760000000,408960000.0,164560000.0
137289999999.0,-10290000000.0,-10790000000.0,-3690000000.0,-14470000000.0,1010000000.0,2023-12-31,LMPI.JK,-10290000000,-5860000000,15350000000,-2109999999.0,667970000000.0,,490960000000.0,243540000000.0,177010000000.0,177010000000.0,472220000000,10590000000,10590000000,192010000000,12540000000.0,11130000000.0
129310000000.0,-1630000000.0,-7000000000.0,1340000000.0,-5660000000.0,1010000000.0,2024-03-31,LMPI.JK,-1630000000,3050000000,14990000000,-5350000000.0,679410000000.0,,508060000000.0,253770000000.0,171350000000.0,171350000000.0,488870000000,8390000000,8390000000,190080000000,-9650000000.0,-9930000000.0
121880000000.0,-1460000000.0,-7460000000.0,1450000000.0,-6010000000.0,1010000000.0,2024-06-30,LMPI.JK,-1460000000,3210000000,13570000000,-6150000000.0,672570000000.0,,507240000000.0,258790000000.0,165340000000.0,165340000000.0,488190000000,5900000000,5900000000,187300000000,-6370000000.0,-6530000000.0
110340000000.0,2260000000.0,1300000000.0,989790000.0,2280000000.0,1859999999.0,2022-12-31,DSFI.JK,2260000000,3900000000,12370000000,-1490000000.0,390820000000.0,,154540000000.0,82570000000.0,236280000000.0,236140000000.0,125520000000,22710000000,15710000000,158220000000,44010000.0,-1920000000.0
148730000000.0,8410000000.0,6440000000.0,-1420000000.0,5010000000.0,1859999999.0,2023-03-31,DSFI.JK,8410000000,10090000000,20790000000,-1580000000.0,397340000000.0,,156030000000.0,81510000000.0,241300000000.0,241150000000.0,125030000000,28580000000,28580000000,158190000000,7090000000.0,7030000000.0
132639999999.0,6380000000.0,4030000000.0,-896870000.0,3130000000.0,1859999999.0,2023-06-30,DSFI.JK,6380000000,8029999999,17220000000,-1760000000.0,412060000000.0,,167630000000.0,99690000000.0,244430000000.0,244280000000.0,135350000000,25990000000,18990000000,159930000000,-16680000000.0,-20000000000.0
149020000000.0,5220000000.0,4870000000.0,-1070000000.0,3800000000.0,1859999999.0,2023-09-30,DSFI.JK,5220000000,6910000000,17380000000,-1690000000.0,411440000000.0,,163210000000.0,88170000000.0,248230000000.0,248080000000.0,132840000000,19840000000,12840000000,156530000000,4179999999.0,3980000000.0
129199999999.0,2790000000.0,245940000.0,-109160000.0,137650000.0,1859999999.0,2023-12-31,DSFI.JK,2790000000,4460000000,14920000000,-1700000000.0,411940000000.0,,161440000000.0,85820000000.0,250500000000.0,250340000000.0,130430000000,21140000000,14140000000,160010000000,6410000000.0,5780000000.0
146100000000.0,5060000000.0,3830000000.0,-832980000.0,3000000000.0,1859999999.0,2024-03-31,DSFI.JK,5060000000,6689999999,18810000000,-1839999999.0,415680000000.0,,162180000000.0,96110000000.0,253500000000.0,253340000000.0,131169999999,29600000000,22600000000,158990000000,-1510000000.0,-2300000000.0
138250000000.0,5870000000.0,5880000000.0,-1320000000.0,4560000000.0,1859999999.0,2024-06-30,DSFI.JK,5870000000,7510000000,21030000000,-1690000000.0,423040000000.0,,164980000000.0,91120000000.0,258060000000.0,257899999999.0,133960000000,38120000000,38120000000,158200000000,13840000000.0,12990000000.0
176150000000.0,4350000000.0,-5280000000.0,-4210000000.0,-10240000000.0,1000000000.0,2022-12-31,CINT.JK,4350000000,11490000000,56380000000,-2310000000.0,492060000000.0,,152000000000.0,71290000000.0,340060000000.0,326610000000.0,132449999999,37880000000,37880000000,307190000000,46230000000.0,45330000000.0
92320000000.0,3260000000.0,2360000000.0,-866650000.0,1200000000.0,1000000000.0,2023-03-31,CINT.JK,3260000000,6320000000,29090000000,-1410000000.0,513370000000.0,,173940000000.0,82570000000.0,339430000000.0,327310000000.0,155070000000,17510000000,17510000000,303650000000,-31840000000.0,-31840000000.0
110400000000.0,-1250000000.0,-2020000000.0,-1180000000.0,-3450000000.0,1000000000.0,2023-06-30,CINT.JK,-1250000000,1870000000,30290000000,-1880000000.0,514900000000.0,,180090000000.0,97490000000.0,334810000000.0,323350000000.0,162050000000,10080000000,10080000000,301340000000,-16730000000.0,-17780000000.0
92190000000.0,3510000000.0,1920000000.0,-858920000.0,736600000.0,1000000000.0,2023-09-30,CINT.JK,3510000000,6900000000,27130000000,-2109999999.0,489310000000.0,,153450000000.0,77890000000.0,335870000000.0,324090000000.0,135280000000,12050000000,12050000000,299660000000,22810000000.0,21230000000.0
162000000000.0,18010000000.0,13320000000.0,-6810000000.0,5720000000.0,1000000000.0,2023-12-31,CINT.JK,18010000000,20050000000,57510000000,-1280000000.0,445280000000.0,,153220000000.0,54190000000.0,292070000000.0,279780000000.0,137930000000,29820000000,29820000000,247390000000,47030000000.0,46830000000.0
107820000000.0,4939999999.0,3600000000.0,-901030000.0,2490000000.0,1000000000.0,2024-03-31,CINT.JK,4939999999,8000000000,31990000000,-1450000000.0,473730000000.0,,178960000000.0,91520000000.0,294770000000.0,282270000000.0,163400000000,23820000000,23820000000,245080000000,-42520000000.0,-43340000000.0
108700000000.0,5040000000.0,4610000000.0,-2400000000.0,1410000000.0,1000000000.0,2024-06-30,CINT.JK,5040000000,7950000000,32700000000,-1620000000.0,445370000000.0,,154570000000.0,86890000000.0,290800000000.0,279690000000.0,139230000000,16280000000,16280000000,242200000000,3430000000.0,3170000000.0
21980000000.0,-5120000000.0,-6390000000.0,-955850000.0,-6390000000.0,650000000.0,2022-12-31,FOOD.JK,-5120000000,-4150000000,2830000000,-694670000.0,102300000000.0,,60640000000.0,26490000000.0,41660000000.0,28190000000.0,49830000000,2350000000,2350000000,75050000000,-6970000000.0,-15470000000.0
18990000000.0,-3180000000.0,-3840000000.0,787540.0,-2600000000.0,650000000.0,2023-03-31,FOOD.JK,-3180000000,-2130000000,4420000000,-785220000.0,98890000000.0,,61090000000.0,25590000000.0,37800000000.0,25580000000.0,50320000000,631930000,631930000,74130000000,-842760000.0,-919760000.0
19080000000.0,-4850000000.0,-2390000000.0,30340000.0,-1670000000.0,650000000.0,2023-06-30,FOOD.JK,-4850000000,-3810000000,2850000000,-761120000.0,100980000000.0,,65540000000.0,25430000000.0,35440000000.0,23920000000.0,55360000000,3200000000,3200000000,73290000000,-3780000000.0,-3950000000.0
19700000000.0,-7650000000.0,-3390000000.0,-16870000.0,-2400000000.0,650000000.0,2023-09-30,FOOD.JK,-7650000000,-6540000000,3020000000,-556400000.0,63070000000.0,,31040000000.0,1230000000.0,32030000000.0,21510000000.0,26420000000,15260000000,15260000000,26380000000,-7730000000.0,-9490000000.0
19820000000.0,-10920000000.0,-10910000000.0,133169999.0,-7510000000.0,650000000.0,2023-12-31,FOOD.JK,-10920000000,-9910000000,2210000000,-88370000.0,50990000000.0,,29570000000.0,980090000.0,21430000000.0,14130000000.0,24650000000,4110000000,4110000000,26360000000,-9960000000.0,-10900000000.0
20750000000.0,-4970000000.0,-4830000000.0,100920000.0,-3300000000.0,650000000.0,2024-03-31,FOOD.JK,-4970000000,-3990000000,2980000000,-59100000.0,48860000000.0,,32159999999.0,762240000.0,16700000000.0,10830000000.0,27260000000,2360000000,2360000000,26340000000,-745960000.0,-1630000000.0
18280000000.0,-7450000000.0,-7640000000.0,48500000.0,-5280000000.0,650000000.0,2024-06-30,FOOD.JK,-7450000000,-6460000000,1569999999,-87210000.0,44790000000.0,,35690000000.0,1810000000.0,9110000000.0,5550000000.0,30760000000,578910000,578910000,25530000000,-2630000000.0,-2830000000.0
