total_revenue,operating_income,interest_expense_non_operating,pretax_income,income_taxes,net_income,diluted_shares_outstanding,date,symbol,ebit,ebitda,gross_income,total_assets,cash_only,total_liabilities,total_debt,total_equity,stockholders_equity,total_current_liabilities,cash_and_short_term_investments,total_cash_and_due_from_banks,total_non_current_assets,net_operating_cash_flow,free_cash_flow
17320000000,8320000000,0.0,8330000000,-332290000,7990000000,1460000000,2022-12-31,VINS.JK,,,,237320000000.0,6220000000.0,50780000000.0,1140000000.0,186540000000.0,186540000000.0,,,,,16030000000,16480000000.0
15660000000,2830000000,0.0,2670000000,0,2670000000,1460000000,2023-03-31,VINS.JK,,,,210010000000.0,7140000000.0,32200000000.0,722020000.0,177810000000.0,177810000000.0,,,,,-750460000,-752170000.0
18130000000,1070000000,,1100000000,0,1100000000,1460000000,2023-06-30,VINS.JK,,,,178720000000.0,1620000000.0,26270000000.0,495590000.0,152450000000.0,152450000000.0,,,,,2740000000,2740000000.0
17780000000,2040000000,0.0,2210000000,0,2210000000,1460000000,2023-09-30,VINS.JK,,,,233320000000.0,5060000000.0,74660000000.0,263550000.0,158660000000.0,158660000000.0,,,,,-2140000000,-2140000000.0
11880000000,1470000000,,293790000,200580000,494370000,1460000000,2023-12-31,VINS.JK,,,,196340000000.0,53550000000.0,42710000000.0,3330000000.0,153630000000.0,153630000000.0,,,,,5650000000,5570000000.0
20610000000,949680000,,1170000000,0,1170000000,1460000000,2024-03-31,VINS.JK,,,,179750000000.0,51470000000.0,28530000000.0,3370000000.0,151220000000.0,151220000000.0,,,,,3310000000,3310000000.0
15110000000,1270000000,,1370000000,0,1370000000,1460000000,2024-06-30,VINS.JK,,,,175410000000.0,50440000000.0,27570000000.0,3030000000.0,147840000000.0,147840000000.0,,,,,-718140000,-733120000.0
204010000000,-84980000,-8100000000.0,-5770000000,0,-5770000000,200000000,2022-09-30,CNTX.JK,-84980000,9670000000,18940000000,645120000000.0,6340000000.0,873180000000.0,701830000000.0,-228060000000.0,-228060000000.0,829230000000,6340000000,,336160000000,-21080000000,-15410000000.0
174800000000,4130000000,-9590000000.0,-7350000000,-184060000,-7530000000,200000000,2022-12-31,CNTX.JK,4130000000,15370000000,18800000000,596810000000.0,4640000000.0,818480000000.0,674750000000.0,-221670000000.0,-221670000000.0,783920000000,4640000000,,319140000000,830240000,-2690000000.0
139920000000,-5840000000,-9610000000.0,-16110000000,0,-16110000000,200000000,2023-03-31,CNTX.JK,-5840000000,3890000000,9900000000,560630000000.0,8700000000.0,795200000000.0,674760000000.0,-234580000000.0,-234580000000.0,760270000000,8700000000,,309730000000,5540000000,4019999999.0
144030000000,-4099999999,-10920000000.0,-28400000000,0,-28400000000,200000000,2023-06-30,CNTX.JK,-4099999999,5310000000,9550000000,526429999999.0,4990000000.0,800250000000.0,689290000000.0,-273829999999.0,-273829999999.0,766070000000,4990000000,,299750000000,3060000000,-871490000.0
123230000000,-6290000000,-10960000000.0,-17070000000,0,-17070000000,200000000,2023-09-30,CNTX.JK,-6290000000,3180000000,7480000000,510550000000.0,10110000000.0,800170000000.0,682090000000.0,-289630000000.0,-289630000000.0,766770000000,10110000000,,290530000000,10420000000,9030000000.0
108110000000,-30910000000,-10820000000.0,-24580000000,-4130000,-24580000000,200000000,2023-12-31,CNTX.JK,-30910000000,-21250000000,-16930000000,504600000000.0,1160000000.0,829160000000.0,718230000000.0,-324570000000.0,-324570000000.0,791990000000,1160000000,,293630000000,-21890000000,-23270000000.0
112980000000,-13060000000,-11480000000.0,-23510000000,0,-23510000000,200000000,2024-03-31,CNTX.JK,-13060000000,-3100000000,-609750000,522500000000.0,3330000000.0,875900000000.0,753250000000.0,-353400000000.0,-353400000000.0,838790000000,3330000000,,292730000000,-9260000000,-9260000000.0
513750000000,117170000000,-12410000000.0,68990000000,-15770000000,53150000000,781250000,2022-12-31,PNGO.JK,117170000000,133370000000,181810000000,1550000000000.0,72200000000.0,842070000000.0,696220000000.0,708550000000.0,705800000000.0,337120000000,72200000000,,1050000000000,124570000000,126630000000.0
591340000000,86900000000,-10140000000.0,92460000000,-21020000000,71350000000,781250000,2023-03-31,PNGO.JK,86900000000,102970000000,129780000000,1450000000000.0,29790000000.0,673880000000.0,525890000000.0,778440000000.0,775610000000.0,188900000000,29790000000,,1060000000000,151340000000,130539999999.0
463340000000,40520000000,-10090000000.0,25290000000,-6280000000,19000000000,781250000,2023-06-30,PNGO.JK,40520000000,57260000000,87030000000,1410000000000.0,8860000000.0,664190000000.0,529500000000.0,749020000000.0,746190000000.0,204980000000,8860000000,,1100000000000,73480000000,23090000000.0
468270000000,79440000000,-10270000000.0,81870000000,-19190000000,62500000000,781250000,2023-09-30,PNGO.JK,79440000000,95830000000,129280000000,1470000000000.0,8270000000.0,663750000000.0,507530000000.0,810150000000.0,807140000000.0,213360000000,8270000000,,1120000000000,61480000000,25540000000.0
514330000000,84490000000,-10560000000.0,50780000000,-12230000000,38490000000,781250000,2023-12-31,PNGO.JK,84490000000,101950000000,142380000000,1490000000000.0,28710000000.0,692310000000.0,547030000000.0,796840000000.0,793780000000.0,272540000000,28710000000,,1150000000000,77520000000,29310000000.0
430350000000,71000000000,-8950000000.0,76810000000,-17560000000,59080000000,781250000,2024-03-31,PNGO.JK,71000000000,85740000000,110440000000,1500000000000.0,18410000000.0,642360000000.0,496400000000.0,855640000000.0,852410000000.0,236360000000,18410000000,,1170000000000,75370000000,42550000000.0
492940000000,71950000000,-10130000000.0,67260000000,-15810000000,51440000000,781250000,2024-06-30,PNGO.JK,71950000000,88250000000,119880000000,1569999999999.0,31000000000.0,665240000000.0,521260000000.0,906640000000.0,903390000000.0,279670000000,31000000000,,1180000000000,25640000000,-10200000000.0
29070000000,11320000000,,9690000000,-2920000000,6760000000,1440000000,2022-12-31,ROCK.JK,11320000000,19960000000,,1040000000000.0,47690000000.0,267860000000.0,66069999999.0,768430000000.0,768520000000.0,,47690000000,,,20120000000,19210000000.0
26220000000,9300000000,,7240000000,-2800000000,4440000000,1440000000,2023-03-31,ROCK.JK,9300000000,17930000000,,1040000000000.0,59880000000.0,266040000000.0,61070000000.0,772870000000.0,772950000000.0,,59880000000,,,13850000000,13850000000.0
24400000000,1620000000,,-473440000,-2490000000,-2960000000,1440000000,2023-06-30,ROCK.JK,1620000000,10210000000,,1040000000000.0,63440000000.0,268279999999.0,56040000000.0,769900000000.0,769990000000.0,,63440000000,,,9090000000,9090000000.0
27740000000,10430000000,,9840000000,-2450000000,7390000000,1440000000,2023-09-30,ROCK.JK,10430000000,19010000000,,993410000000.0,21830000000.0,216110000000.0,51010000000.0,777300000000.0,777380000000.0,,21830000000,,,13390000000,13350000000.0
28560000000,6540000000,,5870000000,-3020000000,2850000000,1470000000,2023-12-31,ROCK.JK,6540000000,15190000000,,979580000000.0,20960000000.0,187480000000.0,119260000000.0,792100000000.0,792190000000.0,,20960000000,,,18370000000,18090000000.0
30740000000,13940000000,,13350000000,-2630000000,10720000000,1440000000,2024-03-31,ROCK.JK,13940000000,22730000000,,971230000000.0,15220000000.0,168410000000.0,101040000000.0,802820000000.0,802910000000.0,,15220000000,,,12740000000,12500000000.0
29830000000,10930000000,,10260000000,-2610000000,7650000000,1440000000,2024-06-30,ROCK.JK,10930000000,19750000000,,968230000000.0,20170000000.0,157760000000.0,95860000000.0,810470000000.0,810560000000.0,,20170000000,,,10210000000,10140000000.0
1260000000000,-50520000000,-2270000000.0,-15910000000,-14640000000,-30560000000,2500000000,2022-12-31,POLY.JK,-50520000000,-28560000000,32540000000,3550000000000.0,123330000000.0,18250000000000.0,16899999999999.0,-14700000000000.0,-14700000000000.0,17070000000000,123330000000,,1720000000000,75980000000,86650000000.0
1330000000000,-30970000000,-27630000000.0,-143540000000,-19500000000,-163040000000,2500000000,2023-03-31,POLY.JK,-30970000000,-13520000000,52350000000,3430000000000.0,87130000000.0,17760000000000.0,16329999999999.0,-14320000000000.0,-14320000000000.0,16620000000000,87130000000,,1640000000000,-30290000000,-31160000000.0
1030000000000,-93960000000,-10660000000.0,-59390000000,4110000000,-55270000000,2500000000,2023-06-30,POLY.JK,-93960000000,-74820000000,5030000000,3350000000000.0,86710000000.0,17720000000000.0,16320000000000.0,-14380000000000.0,-14380000000000.0,16590000000000,86710000000,,1620000000000,6910000000,4290000000.0
1090000000000,-76310000000,-19890000000.0,-60570000000,35820000000,-24750000000,2500000000,2023-09-30,POLY.JK,-76310000000,-57200000000,-8150000000,3300000000000.0,111420000000.0,18140000000000.0,16770000000000.0,-14840000000000.0,-14840000000000.0,16969999999999,111420000000,,1680000000000,19760000000,18780000000.0
979520000000,-82340000000,-15450000000.0,-79350000000,155030000000,75680000000,2500000000,2023-12-31,POLY.JK,-82340000000,-50680000000,-21440000000,3250000000000.0,90900000000.0,17960000000000.0,16700000000000.0,-14710000000000.0,-14710000000000.0,16930000000000,90900000000,,1650000000000,37270000000,25340000000.0
1020000000000,-37240000000,-19910000000.0,7730000000,3030000000,10760000000,2500000000,2024-03-31,POLY.JK,-37240000000,-16969999999,34360000000,3300000000000.0,128960000000.0,18430000000000.0,17149999999999.0,-15130000000000.0,-15130000000000.0,17360000000000,128960000000,,1680000000000,40680000000,40680000000.0
841410000000,-99240000000,-16480000000.0,-47190000000,1370000000,-45820000000,2500000000,2024-06-30,POLY.JK,-99240000000,-78280000000,-25670000000,3180000000000.0,97930000000.0,18860000000000.0,17610000000000.0,-15680000000000.0,-15680000000000.0,17760000000000,97930000000,,1710000000000,-28140000000,-28170000000.0
207370000000,5520000000,-2990000000.0,2660000000,-1240000000,1420000000,1880000000,2022-09-30,FWCT.JK,5520000000,10380000000,19560000000,,,,,,,,,,,-68010000000,-81590000000.0
174920000000,-6180000000,-4260000000.0,-11870000000,-383520000,-12250000000,1880000000,2023-03-31,FWCT.JK,-6180000000,-1310000000,6900000000,509500000000.0,65230000000.0,274890000000.0,187720000000.0,234610000000.0,234590000000.0,148620000000.0,65230000000.0,,308870000000.0,-23850000000,-28560000000.0
194170000000,-10980000000,-4960000000.0,-16920000000,-475730000,-17390000000,1880000000,2023-06-30,FWCT.JK,-10980000000,-6400000000,2350000000,502850000000.0,46890000000.0,285670000000.0,207900000000.0,217180000000.0,217160000000.0,124410000000.0,46890000000.0,,313650000000.0,-25700000000,-38970000000.0
281680000000,35680000000,-4400000000.0,32869999999,-588290000,32280000000,1880000000,2023-09-30,FWCT.JK,35680000000,40600000000,50930000000,508920000000.0,17410000000.0,263209999999.0,181250000000.0,245710000000.0,245690000000.0,114060000000.0,17410000000.0,,317130000000.0,5430000000,1110000000.0
297590000000,53770000000,-4240000000.0,49470000000,-10640000000,38830000000,1880000000,2023-12-31,FWCT.JK,53770000000,58820000000,70350000000,567320000000.0,58850000000.0,282830000000.0,200210000000.0,284490000000.0,284470000000.0,138530000000.0,58850000000.0,,332000000000.0,43030000000,30610000000.0
281510000000,30360000000,-4179999999.0,26920000000,-5960000000,20960000000,1880000000,2024-03-31,FWCT.JK,30360000000,35510000000,47960000000,608150000000.0,65319999999.0,302750000000.0,210590000000.0,305400000000.0,305380000000.0,127780000000.0,65319999999.0,,335790000000.0,5050000000,-4130000000.0
228070000000,-1560000000,-5020000000.0,-5390000000,1150000000,-4240000000,1880000000,2024-06-30,FWCT.JK,-1560000000,3670000000,16809999999,605700000000.0,11040000000.0,317720000000.0,224500000000.0,287980000000.0,287950000000.0,148530000000.0,11040000000.0,,337640000000.0,-63170000000,-67810000000.0
26500000000,11480000000,,12930000000,-1420000000,10450000000,1800000000,2022-12-31,RELI.JK,11480000000,13000000000,,729120000000.0,39290000000.0,132229999999.0,85240000.0,596890000000.0,596680000000.0,,439640000000,,,11220000000,10630000000.0
9540000000,11590000000,,11480000000,-937900000,10540000000,1800000000,2023-03-31,RELI.JK,11590000000,12840000000,,748700000000.0,78470000000.0,144150000000.0,37410000.0,604560000000.0,604350000000.0,,82970000000,,,753530000,-2320000000.0
21920000000,13650000000,,11210000000,284580000,11500000000,1800000000,2023-06-30,RELI.JK,13650000000,14880000000,,774810000000.0,57150000000.0,135870000000.0,0.0,638940000000.0,638740000000.0,,424050000000,,,-12190000000,-12630000000.0
16430000000,8180000000,,9730000000,-1410000000,8330000000,1800000000,2023-09-30,RELI.JK,8180000000,9460000000,,768030000000.0,108720000000.0,157960000000.0,494260000.0,610070000000.0,609870000000.0,,388430000000,,,-13890000000,-15580000000.0
20910000000,2060000000,,2170000000,3550000000,5730000000,1800000000,2023-12-31,RELI.JK,2060000000,3280000000,,758810000000.0,78280000000.0,128930000000.0,452570000.0,629880000000.0,629670000000.0,,406680000000,,,10460000000,10020000000.0
15150000000,17129999999,,18290000000,-2790000000,15510000000,1800000000,2024-03-31,RELI.JK,17129999999,18380000000,,787600000000.0,110040000000.0,144800000000.0,410250000.0,642800000000.0,642610000000.0,,412460000000,,,7040000000,6980000000.0
13310000000,5990000000,,7520000000,286720000,7810000000,1800000000,2024-06-30,RELI.JK,5990000000,7220000000,,794160000000.0,113100000000.0,179260000000.0,367300000.0,614900000000.0,614730000000.0,,418890000000,,,1090000000,1120000000.0
21980000000,-5120000000,-694670000.0,-6390000000,-955850000,-6390000000,650000000,2022-12-31,FOOD.JK,-5120000000,-4150000000,2830000000,102300000000.0,2350000000.0,60640000000.0,26490000000.0,41660000000.0,28190000000.0,49830000000,2350000000,,75050000000,-6970000000,-15470000000.0
18990000000,-3180000000,-785220000.0,-3840000000,787540,-2600000000,650000000,2023-03-31,FOOD.JK,-3180000000,-2130000000,4420000000,98890000000.0,631930000.0,61090000000.0,25590000000.0,37800000000.0,25580000000.0,50320000000,631930000,,74130000000,-842760000,-919760000.0
19080000000,-4850000000,-761120000.0,-2390000000,30340000,-1670000000,650000000,2023-06-30,FOOD.JK,-4850000000,-3810000000,2850000000,100980000000.0,3200000000.0,65540000000.0,25430000000.0,35440000000.0,23920000000.0,55360000000,3200000000,,73290000000,-3780000000,-3950000000.0
19700000000,-7650000000,-556400000.0,-3390000000,-16870000,-2400000000,650000000,2023-09-30,FOOD.JK,-7650000000,-6540000000,3020000000,63070000000.0,15260000000.0,31040000000.0,1230000000.0,32030000000.0,21510000000.0,26420000000,15260000000,,26380000000,-7730000000,-9490000000.0
19820000000,-10920000000,-88370000.0,-10910000000,133169999,-7510000000,650000000,2023-12-31,FOOD.JK,-10920000000,-9910000000,2210000000,50990000000.0,4110000000.0,29570000000.0,980090000.0,21430000000.0,14130000000.0,24650000000,4110000000,,26360000000,-9960000000,-10900000000.0
20750000000,-4970000000,-59100000.0,-4830000000,100920000,-3300000000,650000000,2024-03-31,FOOD.JK,-4970000000,-3990000000,2980000000,48860000000.0,2360000000.0,32159999999.0,762240000.0,16700000000.0,10830000000.0,27260000000,2360000000,,26340000000,-745960000,-1630000000.0
18280000000,-7450000000,-87210000.0,-7640000000,48500000,-5280000000,650000000,2024-06-30,FOOD.JK,-7450000000,-6460000000,1569999999,44790000000.0,578910000.0,35690000000.0,1810000000.0,9110000000.0,5550000000.0,30760000000,578910000,,25530000000,-2630000000,-2830000000.0
1030000000,54640000,-146180000.0,470910000,0,470910000,500000000,2022-09-30,KJEN.JK,54640000,317900000,649230000,67519999999.0,48160000.0,5270000000.0,3090000000.0,62250000000.0,62250000000.0,2060000000,48160000,,59770000000,1270000000,1270000000.0
2860000000,22620000,-124440000.0,-123810000,25180000,-98640000,500000000,2022-12-31,KJEN.JK,22620000,489790000,1350000000,68060000000.0,97860000.0,5810000000.0,3050000000.0,62250000000.0,62250000000.0,3260000000,97860000,,60080000000,-423160000,-427620000.0
2270000000,-47980000,-37290000.0,135060000,-46390000,88670000,500000000,2023-03-31,KJEN.JK,-47980000,269100000,706640000,68220000000.0,92280000.0,5850000000.0,3010000000.0,62370000000.0,62370000000.0,3350000000,92280000,,59740000000,-372500000,-408120000.0
1450000000,-469690000,-81050000.0,-165820000,33580000,-132240000,500000000,2023-06-30,KJEN.JK,-469690000,-149430000,525960000,67560000000.0,32590000.0,5290000000.0,2800000000.0,62260000000.0,62260000000.0,3010000000,32590000,,59390000000,-690850000,-748970000.0
1800000000,7370000,-30740000.0,220310000,-99390000,120920000,500000000,2023-09-30,KJEN.JK,7370000,327640000,659670000,67459999999.0,123090000.0,5050000000.0,2780000000.0,62410000000.0,62410000000.0,2530000000,123090000,,59390000000,-173330000,-137710000.0
2270000000,-125570000,-33490000.0,-77010000,22510000,-54500000,500000000,2023-12-31,KJEN.JK,-125570000,195470000,1530000000,66500000000.0,573730000.0,4230000000.0,2750000000.0,62270000000.0,62270000000.0,3270000000,573730000,,58640000000,2650000000,2570000000.0
1600000000,-7890000,-32000000.0,242400000,-88110000,154290000,500000000,2024-03-31,KJEN.JK,-7890000,310480000,630000000,66440000000.0,63480000.0,3980000000.0,2750000000.0,62460000000.0,62460000000.0,3010000000,63480000,,58270000000,-381570000,-416070000.0
176150000000,4350000000,-2310000000.0,-5280000000,-4210000000,-10240000000,1000000000,2022-12-31,CINT.JK,4350000000,11490000000,56380000000,492060000000.0,37880000000.0,152000000000.0,71290000000.0,340060000000.0,326610000000.0,132449999999,37880000000,,307190000000,46230000000,45330000000.0
92320000000,3260000000,-1410000000.0,2360000000,-866650000,1200000000,1000000000,2023-03-31,CINT.JK,3260000000,6320000000,29090000000,513370000000.0,17510000000.0,173940000000.0,82570000000.0,339430000000.0,327310000000.0,155070000000,17510000000,,303650000000,-31840000000,-31840000000.0
110400000000,-1250000000,-1880000000.0,-2020000000,-1180000000,-3450000000,1000000000,2023-06-30,CINT.JK,-1250000000,1870000000,30290000000,514900000000.0,10080000000.0,180090000000.0,97490000000.0,334810000000.0,323350000000.0,162050000000,10080000000,,301340000000,-16730000000,-17780000000.0
92190000000,3510000000,-2109999999.0,1920000000,-858920000,736600000,1000000000,2023-09-30,CINT.JK,3510000000,6900000000,27130000000,489310000000.0,12050000000.0,153450000000.0,77890000000.0,335870000000.0,324090000000.0,135280000000,12050000000,,299660000000,22810000000,21230000000.0
162000000000,18010000000,-1280000000.0,13320000000,-6810000000,5720000000,1000000000,2023-12-31,CINT.JK,18010000000,20050000000,57510000000,445280000000.0,29820000000.0,153220000000.0,54190000000.0,292070000000.0,279780000000.0,137930000000,29820000000,,247390000000,47030000000,46830000000.0
107820000000,4939999999,-1450000000.0,3600000000,-901030000,2490000000,1000000000,2024-03-31,CINT.JK,4939999999,8000000000,31990000000,473730000000.0,23820000000.0,178960000000.0,91520000000.0,294770000000.0,282270000000.0,163400000000,23820000000,,245080000000,-42520000000,-43340000000.0
108700000000,5040000000,-1620000000.0,4610000000,-2400000000,1410000000,1000000000,2024-06-30,CINT.JK,5040000000,7950000000,32700000000,445370000000.0,16280000000.0,154570000000.0,86890000000.0,290800000000.0,279690000000.0,139230000000,16280000000,,242200000000,3430000000,3170000000.0
63510000000,4590000000,-1390000000.0,2719999999,-541460000,2180000000,1080000000,2022-09-30,AMIN.JK,4590000000,5470000000,8680000000,311720000000.0,4090000000.0,161010000000.0,55170000000.0,150720000000.0,150720000000.0,143960000000,4090000000,,103790000000,1200000000,1090000000.0
60430000000,3860000000,-1260000000.0,2250000000,1430000000,3680000000,1080000000,2022-12-31,AMIN.JK,3860000000,4720000000,8070000000,323050000000.0,11980000000.0,168880000000.0,43650000000.0,154170000000.0,154170000000.0,156570000000,11980000000,,103510000000,20830000000,19950000000.0
72370000000,6120000000,-1160000000.0,4700000000,0,4700000000,1080000000,2023-03-31,AMIN.JK,6120000000,6950000000,9760000000,335400000000.0,18940000000.0,176530000000.0,54210000000.0,158870000000.0,158870000000.0,163950000000,18940000000,,103160000000,-3130000000,-3410000000.0
74290000000,5250000000,-1380000000.0,4170000000,0,4170000000,1080000000,2023-06-30,AMIN.JK,5250000000,6080000000,11010000000,339650000000.0,11910000000.0,176610000000.0,44730000000.0,163040000000.0,163040000000.0,163860000000,11910000000,,102450000000,2310000000,2180000000.0
83350000000,6010000000,-1190000000.0,5270000000,0,5270000000,1080000000,2023-09-30,AMIN.JK,6010000000,6840000000,10170000000,355040000000.0,19080000000.0,186720000000.0,52100000000.0,168310000000.0,168310000000.0,174280000000,19080000000,,102390000000,-100790000,-928660000.0
106780000000,3300000000,-1050000000.0,1090000000,227190000,1320000000,1080000000,2023-12-31,AMIN.JK,3300000000,4179999999,11800000000,349830000000.0,8750000000.0,180750000000.0,56050000000.0,169090000000.0,169090000000.0,167930000000,8750000000,,102470000000,-14920000000,-13700000000.0
76240000000,5510000000,-1230000000.0,4760000000,0,4760000000,1080000000,2024-03-31,AMIN.JK,5510000000,6400000000,9360000000,343670000000.0,3950000000.0,169830000000.0,50950000000.0,173840000000.0,173840000000.0,156710000000,3950000000,,102470000000,996910000,109400000.0
17129999999,-309290000,-519210000.0,1350000000,-3490000000,-2150000000,10350000000,2022-12-31,PSKT.JK,-309290000,2130000000,9900000000,410700000000.0,11450000000.0,59830000000.0,16980000000.0,350870000000.0,350890000000.0,29870000000,11450000000,,394650000000,2690000000,384660000.0
13150000000,-2490000000,-482610000.0,-2890000000,68360000,-2820000000,10350000000,2023-03-31,PSKT.JK,-2490000000,-122820000,6170000000,406210000000.0,7790000000.0,58160000000.0,15890000000.0,348050000000.0,348070000000.0,28980000000,7790000000,,392580000000,-2330000000,-2580000000.0
13370000000,-1870000000,-450970000.0,-2210000000,68360000,-2150000000,10350000000,2023-06-30,PSKT.JK,-1870000000,505750000,6280000000,402040000000.0,6630000000.0,56140000000.0,14810000000.0,345900000000.0,345920000000.0,27750000000,6630000000,,390750000000,410080000,-5620000.0
13450000000,-2130000000,-420830000.0,-2480000000,12370000,-2469999999,10350000000,2023-09-30,PSKT.JK,-2130000000,247390000,6140000000,401540000000.0,8940000000.0,58110000000.0,13730000000.0,343430000000.0,343460000000.0,30750000000,8940000000,,389260000000,4280000000,3400000000.0
14370000000,-36800000,-398630000.0,178190000,-3400000000,-3220000000,10350000000,2023-12-31,PSKT.JK,-36800000,2390000000,7660000000,399900000000.0,6800000000.0,59750000000.0,12640000000.0,340150000000.0,340170000000.0,30080000000,6800000000,,388090000000,-333770000,-1060000000.0
10570000000,-4110000000,-357360000.0,-4260000000,65239999,-4200000000,10350000000,2024-03-31,PSKT.JK,-4110000000,-1660000000,3610000000,395600000000.0,5360000000.0,59650000000.0,11560000000.0,335950000000.0,335970000000.0,30780000000,5360000000,,386180000000,233580000,-350600000.0
13540000000,-1320000000,-394380000.0,-1640000000,65239999,-1580000000,10350000000,2024-06-30,PSKT.JK,-1320000000,1130000000,6370000000,394030000000.0,5540000000.0,59660000000.0,12440000000.0,334370000000.0,334390000000.0,31590000000,5540000000,,384090000000,-332580000,-655420000.0
17730000000,-3190000000,-11180000.0,-1990000000,-23830000,-2020000000,833440000,2023-03-31,CANI.JK,-3190000000,10960000000,-2730000000,276120000000.0,1200000000.0,678280000000.0,0.0,-402160000000.0,-402160000000.0,677240000000,1200000000,,242030000000,1120000000,1120000000.0
17100000000,-10190000000,-2820000.0,-11020000000,-56010000,-11080000000,833440000,2023-06-30,CANI.JK,-10190000000,4570000000,-4580000000,260990000000.0,2940000000.0,683240000000.0,0.0,-422250000000.0,-422250000000.0,682120000000,2940000000,,232910000000,-3220000000,-3220000000.0
9520000000,-11230000000,-2850000.0,-11890000000,0,-11890000000,833440000,2023-09-30,CANI.JK,-11230000000,3150000000,-9960000000,235310000000.0,2130000000.0,653730000000.0,0.0,-418420000000.0,-418420000000.0,652630000000,2130000000,,210170000000,-575190000,-575190000.0
10300000000,-28730000000,-2290000.0,-28240000000,-412220000,-28660000000,833440000,2023-12-31,CANI.JK,-28730000000,-15120000000,-24010000000,219640000000.0,910480000.0,666880000000.0,0.0,-447240000000.0,-447240000000.0,665560000000,910480000,,196420000000,-1210000000,-1210000000.0
14340000000,-7030000000,-5170000.0,-2730000000,-29220000,-2760000000,833440000,2024-03-31,CANI.JK,-7030000000,6930000000,-5580000000,221870000000.0,5040000000.0,685700000000.0,0.0,-463830000000.0,-463830000000.0,684320000000,5040000000,,190110000000,3870000000,3870000000.0
14730000000,-8109999999,-6480000.0,-8090000000,-69560000,-8160000000,833440000,2024-06-30,CANI.JK,-8109999999,6260000000,-8060000000,217030000000.0,6960000000.0,687170000000.0,0.0,-470140000000.0,-470140000000.0,685760000000,6960000000,,176980000000,2760000000,
7090000000,-14600000000,-5850000.0,-13490000000,-33620000,-13520000000,833440000,2024-09-30,CANI.JK,-14600000000,-152750000,-13940000000,201680000000.0,3960000000.0,699500000000.0,0.0,-497820000000.0,-497820000000.0,698030000000,3960000000,,169310000000,-3130000000,
,,,,,,,2022-09-30,PURE.JK,,,,,,,,,,,,,,,
,,,,,,,2022-12-31,PURE.JK,,,,,,,,,,,,,,,
,,,,,,,2023-03-31,PURE.JK,,,,,,,,,,,,,,,
,,,,,,,2023-06-30,PURE.JK,,,,,,,,,,,,,,,
,,,,,,,2023-09-30,PURE.JK,,,,,,,,,,,,,,,
,,,,,,,2023-12-31,PURE.JK,,,,,,,,,,,,,,,
,,,,,,,2024-03-31,PURE.JK,,,,,,,,,,,,,,,
132150000000,18320000000,-1120000000.0,19020000000,-2580000000,16440000000,1359999999,2022-12-31,APLI.JK,18320000000,25110000000,30470000000,468540000000.0,109070000000.0,189590000000.0,66670000000.0,278950000000.0,279050000000.0,124400000000,109070000000,,245530000000,32950000000,28700000000.0
129699999999,22380000000,-1150000000.0,22070000000,-5939999999,16129999999,1359999999,2023-03-31,APLI.JK,22380000000,29150000000,32240000000,481990000000.0,111010000000.0,186690000000.0,58830000000.0,295300000000.0,295400000000.0,121000000000,111010000000,,246070000000,14610000000,12430000000.0
102320000000,14070000000,-895740000.0,14480000000,-4130000000,10350000000,1359999999,2023-06-30,APLI.JK,14070000000,20740000000,24040000000,456570000000.0,87850000000.0,149600000000.0,41130000000.0,306970000000.0,307080000000.0,83450000000,87850000000,,251360000000,12560000000,-2270000000.0
117540000000,19800000000,-951830000.0,19880000000,-5280000000,14600000000,1359999999,2023-09-30,APLI.JK,19800000000,26470000000,29920000000,485730000000.0,104830000000.0,163630000000.0,40510000000.0,322100000000.0,322210000000.0,96900000000,104830000000,,254880000000,28330000000,20300000000.0
119570000000,10290000000,-989840000.0,10280000000,-953820000,9330000000,1359999999,2023-12-31,APLI.JK,10290000000,17430000000,26280000000,490510000000.0,125410000000.0,156660000000.0,48350000000.0,333850000000.0,333960000000.0,90790000000,125410000000,,258800000000,27980000000,16340000000.0
104470000000,9800000000,-569230000.0,10670000000,-3190000000,7480000000,1359999999,2024-03-31,APLI.JK,9800000000,17129999999,20010000000,500270000000.0,118810000000.0,156980000000.0,39210000000.0,343290000000.0,343400000000.0,90480000000,118810000000,,263589999999,6060000000,1850000000.0
99850000000,5820000000,-392730000.0,7590000000,-2370000000,5220000000,1359999999,2024-06-30,APLI.JK,5820000000,13220000000,16640000000,491860000000.0,109560000000.0,145260000000.0,29820000000.0,346600000000.0,346710000000.0,78130000000,109560000000,,262200000000,1750000000,-2000000000.0
12220000000,-69580000,0.0,-52240000,1310000,-50940000,1000000000,2022-09-30,JMAS.JK,,,,259850000000.0,27740000000.0,142670000000.0,0.0,117180000000.0,117180000000.0,,,,,-17520000000,-17660000000.0
14580000000,183660000,0.0,-380850000,-582880000,-963730000,1000000000,2022-12-31,JMAS.JK,,,,261600000000.0,18450000000.0,145170000000.0,0.0,116430000000.0,116430000000.0,,,,,-2140000000,-3390000000.0
14830000000,995170000,0.0,1040000000,-26090000,1020000000,955960000,2023-03-31,JMAS.JK,,,,270730000000.0,20140000000.0,163100000000.0,0.0,117860000000.0,117860000000.0,,,,,-8600000000,-9860000000.0
24650000000,1240000000,0.0,1240000000,-31110000,1210000000,1000000000,2023-06-30,JMAS.JK,,,,317820000000.0,12370000000.0,197940000000.0,0.0,119880000000.0,119880000000.0,,,,,35380000000,35410000000.0
16480000000,2009999999,0.0,1420000000,-35380000,1380000000,1000000000,2023-09-30,JMAS.JK,,,,294620000000.0,6240000000.0,173040000000.0,0.0,121590000000.0,121590000000.0,,,,,-41250000000,-41330000000.0
16680000000,2340000000,0.0,-99200000,-984280000,-1080000000,1000000000,2023-12-31,JMAS.JK,,,,273010000000.0,7430000000.0,152800000000.0,0.0,120210000000.0,120210000000.0,,,,,-23430000000,-23690000000.0
19140000000,1200000000,0.0,1250000000,-31210000,1220000000,1000000000,2024-03-31,JMAS.JK,,,,295120000000.0,10180000000.0,173700000000.0,0.0,121420000000.0,121420000000.0,,,,,-9710000000,-9900000000.0
149180000000,-2510000000,-3960000000.0,-4179999999,-827010000,-4300000000,7250000000,2022-12-31,BELL.JK,-2510000000,5660000000,38070000000,525780000000.0,19660000000.0,264350000000.0,154130000000.0,261430000000.0,225580000000.0,225220000000,19740000000,,181810000000,31690000000,22070000000.0
111430000000,7990000000,-2960000000.0,4580000000,-476700000,2840000000,7250000000,2023-03-31,BELL.JK,7990000000,12980000000,33490000000,541539999999.0,13360000000.0,276980000000.0,148890000000.0,264560000000.0,228320000000.0,236720000000,13430000000,,175500000000,5050000000,-1070000000.0
126010000000,9640000000,-2930000000.0,7500000000,-1370000000,4990000000,7240000000,2023-06-30,BELL.JK,9640000000,14110000000,40600000000,538480000000.0,9020000000.0,271980000000.0,149420000000.0,266500000000.0,229380000000.0,231280000000,9090000000,,170490000000,-2870000000,2650000000.0
122010000000,4820000000,-3690000000.0,2850000000,-918980000,958460000,7240000000,2023-09-30,BELL.JK,4820000000,12320000000,31070000000,522169999999.0,8460000000.0,255170000000.0,149010000000.0,267000000000.0,229860000000.0,212380000000,8529999999,,164250000000,9590000000,8830000000.0
179140000000,3190000000,-3760000000.0,2210000000,-2900000000,-22110000,7230000000,2023-12-31,BELL.JK,3190000000,9200000000,48370000000,530039999999.0,11840000000.0,264790000000.0,156990000000.0,265250000000.0,228940000000.0,229370000000,11920000000,,167060000000,5230000000,-10480000000.0
135479999999,12510000000,-3510000000.0,8930000000,-2300000000,5600000000,7240000000,2024-03-31,BELL.JK,12510000000,19050000000,42150000000,562190000000.0,14880000000.0,290320000000.0,160480000000.0,271870000000.0,234540000000.0,253820000000,14960000000,,168030000000,5350000000,-676060000.0
145870000000,8840000000,-3420000000.0,5730000000,-2089999999,2220000000,7220000000,2024-06-30,BELL.JK,8840000000,13920000000,44570000000,575330000000.0,10710000000.0,303920000000.0,179000000000.0,271410000000.0,233950000000.0,250300000000,10780000000,,177810000000,231460000,-17750000000.0
859800000000,-25340000000,-176950000.0,-25300000000,1960000000,-23160000000,1520000000,2022-12-31,HDIT.JK,-25340000000,,-12140000000,354520000000.0,161590000.0,23810000000.0,5000000000.0,330710000000.0,326090000000.0,15020000000,161590000,,68209999999,-8250000000,-7250000000.0
497350000000,-1340000000,-77640.0,-1340000000,0,-1340000000,1520000000,2023-03-31,HDIT.JK,-1340000000,723690000.0,7700000000,354130000000.0,133660000.0,24760000000.0,3170000000.0,329370000000.0,324750000000.0,13970000000,133660000,,63920000000,5350000000,5350000000.0
575950000000,3820000000,,3840000000,0,3840000000,1520000000,2023-06-30,HDIT.JK,3820000000,5740000000.0,7740000000,366090000000.0,170490000.0,32890000000.0,5000000000.0,333210000000.0,328580000000.0,13100000000,170490000,,64239999999,-14550000000,-14560000000.0
817250000000,750450000,-1589999.0,778890000,0,778890000,1520000000,2023-09-30,HDIT.JK,750450000,2680000000.0,1970000000,384770000000.0,151330000.0,50780000000.0,5000000000.0,333980000000.0,329360000000.0,27450000000,151330000,,62310000000,-1020000000,-1020000000.0
263980000000,-45540000000,-2130000.0,-45480000000,43510000,-45410000000,1520000000,2023-12-31,HDIT.JK,-45540000000,-44050000000.0,-23850000000,348030000000.0,44790000.0,59310000000.0,5000000000.0,288730000000.0,284130000000.0,34340000000,44790000,,60820000000,-1640000000,-1640000000.0
8850000000,-1660000000,,-1660000000,0,-1660000000,1520000000,2024-03-31,HDIT.JK,-1660000000,-249630000.0,-1410000000,341660000000.0,42540000.0,54590000000.0,5000000000.0,287070000000.0,282470000000.0,29630000000,42540000,,59400000000,-2250000,-2250000.0
6810000000,-2990000000,,-2990000000,0,-2990000000,1520000000,2024-06-30,HDIT.JK,-2990000000,-1569999999.0,-1410000000,340170000000.0,32920000.0,56090000000.0,5000000000.0,284080000000.0,279480000000.0,29630000000,32920000,,57990000000,-9630000,-9630000.0
17240000000,770610000,-64030000.0,693560000,-367430000,326130000,807400000,2022-12-31,NASI.JK,770610000,870230000,3490000000,70220000000.0,8529999999.0,10630000000.0,7000000000.0,59590000000.0,59590000000.0,9030000000,8529999999,,24120000000,234650000,-677650000.0
15290000000,231480000,-19040000.0,212930000,0,212930000,807400000,2023-03-31,NASI.JK,231480000,578560000,2260000000,69330000000.0,8580000000.0,9530000000.0,6810000000.0,59800000000.0,59800000000.0,8109999999,8580000000,,23770000000,249150000,
18130000000,180590000,-90860000.0,90270000,0,90270000,807400000,2023-06-30,NASI.JK,180590000,527679999,2440000000,70420000000.0,9240000000.0,10530000000.0,7600000000.0,59890000000.0,59890000000.0,9240000000,9240000000,,23780000000,221890000,
18940000000,121790000,,120850000,0,120850000,807400000,2023-09-30,NASI.JK,121790000,771060000,2350000000,71580000000.0,8890000000.0,11570000000.0,8560000000.0,60010000000.0,60010000000.0,10500000000,8890000000,,23520000000,-927330000,
26850000000,645140000,-330910000.0,383200000,-445130000,-61930000,807400000,2023-12-31,NASI.JK,645140000,1030000000,3460000000,74150000000.0,9970000000.0,14150000000.0,11150000000.0,60000000000.0,60000000000.0,13200000000,9970000000,,23790000000,4850000000,4850000000.0
22970000000,568110000,-324240000.0,190140000,0,190140000,807400000,2024-03-31,NASI.JK,568110000,954730000,3140000000,74580000000.0,9770000000.0,14380000000.0,11160000000.0,60190000000.0,60190000000.0,13610000000,9770000000,,23410000000,-1560000000,
22710000000,591090000,-375660000.0,166080000,0,166080000,807400000,2024-06-30,NASI.JK,591090000,952130000,3010000000,78210000000.0,563160000.0,17850000000.0,11740000000.0,60360000000.0,60360000000.0,17450000000,10270000000,,23050000000,-373460000,
72550000000,11670000000,-6360000000.0,10640000000,-3760000000,3170000000,715000000,2022-12-31,PDES.JK,11670000000,14880000000,9680000000,266160000000.0,14420000000.0,230840000000.0,155780000000.0,35320000000.0,41650000000.0,105530000000,14420000000,,202820000000,-220430000,-221130000.0
105700000000,6500000000,-2200000000.0,7150000000,293030000,2350000000,715000000,2023-03-31,PDES.JK,6500000000,11640000000,13670000000,267640000000.0,21060000000.0,224680000000.0,168730000000.0,42960000000.0,44180000000.0,107690000000,21060000000,,200610000000,9350000000,9350000000.0
58120000000,4730000000,-3260000000.0,13570000000,-703350000,13690000000,715000000,2023-06-30,PDES.JK,4730000000,9130000000,14280000000,261050000000.0,16570000000.0,205460000000.0,154170000000.0,55590000000.0,57360000000.0,90150000000,16570000000,,197210000000,632550000,-1090000000.0
103130000000,9760000000,-3940000000.0,5800000000,-955560000,3570000000,715000000,2023-09-30,PDES.JK,9760000000,11990000000,19430000000,263570000000.0,36170000000.0,203290000000.0,152250000000.0,60280000000.0,60840000000.0,88190000000,36170000000,,189780000000,17090000000,18520000000.0
101560000000,5190000000,-3570000000.0,11060000000,-863810000,4300000000,715000000,2023-12-31,PDES.JK,5190000000,7600000000,12060000000,265920000000.0,26320000000.0,193810000000.0,150460000000.0,72110000000.0,66980000000.0,80990000000,26320000000,,183530000000,-7540000000,-9200000000.0
109680000000,6590000000,-4340000000.0,7670000000,-357960000,1650000000,715000000,2024-03-31,PDES.JK,6590000000,8390000000,16579999999,284030000000.0,48700000000.0,205440000000.0,149580000000.0,78590000000.0,67800000000.0,92290000000,48700000000,,180140000000,24120000000,24080000000.0
73980000000,5050000000,-2900000000.0,930870000,-2280000000,1780000000,715000000,2024-06-30,PDES.JK,5050000000,6950000000,19490000000,264079999999.0,28380000000.0,193490000000.0,149830000000.0,70590000000.0,69750000000.0,83400000000,28380000000,,176970000000,-18040000000,-20010000000.0
453600000000,23740000000,-2730000000.0,26890000000,-14020000000,6250000000,3110000000,2022-12-31,TRIS.JK,23740000000,34540000000,104040000000,1180000000000.0,102820000000.0,465780000000.0,250860000000.0,712020000000.0,460970000000.0,409730000000,109940000000,,361150000000,62620000000,46950000000.0
376550000000,46490000000,-5250000000.0,38210000000,-7500000000,16950000000,3110000000,2023-03-31,TRIS.JK,46490000000,57020000000,94020000000,1190000000000.0,116640000000.0,466440000000.0,212510000000.0,721670000000.0,476100000000.0,407940000000,123760000000,,368790000000,78440000000,55710000000.0
304290000000,18440000000,-5090000000.0,16629999999,-3840000000,7950000000,3110000000,2023-06-30,TRIS.JK,18440000000,27430000000,72050000000,1160000000000.0,94920000000.0,446120000000.0,242780000000.0,712650000000.0,463510000000.0,385070000000,102040000000,,359810000000,-32070000000,-33890000000.0
364400000000,13080000000,-2670000000.0,15420000000,-5150000000,3190000000,3110000000,2023-09-30,TRIS.JK,13080000000,28510000000,77510000000,1160000000000.0,114190000000.0,438600000000.0,241070000000.0,721570000000.0,467250000000.0,377600000000,121350000000,,353030000000,43430000000,34100000000.0
427620000000,15600000000,-4330000000.0,20800000000,-6390000000,10010000000,3110000000,2023-12-31,TRIS.JK,15600000000,24910000000,103440000000,1170000000000.0,110640000000.0,444850000000.0,242430000000.0,724740000000.0,466480000000.0,384510000000,119900000000,,363700000000,27220000000,13160000000.0
344640000000,39420000000,-5080000000.0,35640000000,-8510000000,14610000000,3120000000,2024-03-31,TRIS.JK,39420000000,50470000000,90380000000,1170000000000.0,123730000000.0,413480000000.0,203510000000.0,753840000000.0,482280000000.0,352540000000,132680000000,,363920000000,64480000000,56460000000.0
351990000000,22630000000,-3330000000.0,22440000000,-6570000000,6650000000,3120000000,2024-06-30,TRIS.JK,22630000000,34380000000,84000000000,1210000000000.0,127800000000.0,464760000000.0,235840000000.0,741860000000.0,478370000000.0,389060000000,139820000000,,370520000000,20500000000,2850000000.0
39980000000,291220000,-25950000.0,3250000000,-277940000,3280000000,331130000,2022-12-31,DPNS.JK,291220000,763980000,9740000000,405680000000.0,30800000000.0,75720000000.0,0.0,329960000000.0,297660000000.0,29860000000,148710000000,,149680000000,-478780000,-249540000.0
39660000000,6490000000,-16730000.0,6110000000,-1700000000,4910000000,331130000,2023-03-31,DPNS.JK,6490000000,6960000000,13100000000,388050000000.0,28010000000.0,51510000000.0,0.0,336540000000.0,304730000000.0,3280000000,155000000000,,150470000000,5900000000,5890000000.0
22520000000,-2840000000,-10940000.0,1530000000,187930000,1960000000,331130000,2023-06-30,DPNS.JK,-2840000000,-2450000000,3240000000,399360000000.0,44600000000.0,60800000000.0,0.0,338560000000.0,307000000000.0,11090000000,171340000000,,150740000000,14600000000,14590000000.0
25750000000,3180000000,-15110000.0,6960000000,-979790000,6180000000,331130000,2023-09-30,DPNS.JK,3180000000,3560000000,8449999999,394640000000.0,65970000000.0,59640000000.0,0.0,335000000000.0,303630000000.0,9250000000,165370000000,,152740000000,2930000000,2700000000.0
28270000000,2930000000,-10240000.0,4640000000,-450410000,4110000000,331130000,2023-12-31,DPNS.JK,2930000000,3290000000,9390000000,347050000000.0,56350000000.0,15280000000.0,0.0,331770000000.0,331770000000.0,7560000000,183670000000,,93930000000,9860000000,9770000000.0
17840000000,-1970000000,-18010000.0,3200000000,-89380000,2670000000,331130000,2024-03-31,DPNS.JK,-1970000000,-1930000000,4470000000,344750000000.0,38660000000.0,14420000000.0,0.0,330330000000.0,330330000000.0,6130000000,197790000000,,94380000000,17290000000,17290000000.0
17230000000,63570000,-5480000.0,5100000000,-466390000,4320000000,331130000,2024-06-30,DPNS.JK,63570000,369440000,4310000000,346140000000.0,39860000000.0,13990000000.0,0.0,332150000000.0,332150000000.0,6080000000,203430000000,,94490000000,6830000000,6770000000.0
988180000,64830000,0.0,43440000,-84040000,44990000,2120000000,2022-12-31,HADE.JK,64830000,224400000.0,364290000,14990000000.0,1270000000.0,1760000000.0,0.0,13230000000.0,8340000000.0,707660000,2520000000,,10720000000,-332620000,-343320000.0
999290000,-94410000,0.0,-100840000,0,-98990000,2120000000,2023-03-31,HADE.JK,-94410000,66239999.0,196590000,14870000000.0,1020000000.0,1740000000.0,0.0,13130000000.0,8240000000.0,660270000,2260000000,,10710000000,-107010000,-252560000.0
1010000000,-400750000,0.0,-410520000,9630000,-230210000,2120000000,2023-06-30,HADE.JK,-400750000,-237460000.0,83690000,14400000000.0,658320000.0,1670000000.0,0.0,12730000000.0,8020000000.0,562490000,1910000000,,10560000000,-357410000,-357410000.0
1010000000,-65620000,0.0,-68230000,4810000,-53840000,2120000000,2023-09-30,HADE.JK,-65620000,97090000.0,227920000,14370000000.0,434760000.0,1700000000.0,0.0,12670000000.0,7960000000.0,562310000,1680000000,,10400000000,-223570000,-223570000.0
998240000,-83180000,0.0,-81650000,-30730000,-62370000,2120000000,2023-12-31,HADE.JK,-83180000,79530000.0,189430000,14370000000.0,972700000.0,1839999999.0,0.0,12530000000.0,7880000000.0,622520000,2220000000,,10260000000,537950000,537950000.0
972200000,-326200000,0.0,-328320000,0,-220300000,2120000000,2024-03-31,HADE.JK,-326200000,-163330000.0,12380000,14040000000.0,817520000.0,1850000000.0,0.0,12200000000.0,7660000000.0,596860000,2069999999,,10110000000,-143380000,-155180000.0
990970000,-183910000,,-139700000,0,-95590000,2120000000,2024-06-30,HADE.JK,-183910000,,161220000,13820000000.0,745690000.0,1770000000.0,,12060000000.0,7570000000.0,483550000,1990000000,,9950000000,-71830000,-71830000.0
110340000000,2260000000,-1490000000.0,1300000000,989790000,2280000000,1859999999,2022-12-31,DSFI.JK,2260000000,3900000000,12370000000,390820000000.0,15710000000.0,154540000000.0,82570000000.0,236280000000.0,236140000000.0,125520000000,22710000000,,158220000000,44010000,-1920000000.0
148730000000,8410000000,-1580000000.0,6440000000,-1420000000,5010000000,1859999999,2023-03-31,DSFI.JK,8410000000,10090000000,20790000000,397340000000.0,28580000000.0,156030000000.0,81510000000.0,241300000000.0,241150000000.0,125030000000,28580000000,,158190000000,7090000000,7030000000.0
132639999999,6380000000,-1760000000.0,4030000000,-896870000,3130000000,1859999999,2023-06-30,DSFI.JK,6380000000,8029999999,17220000000,412060000000.0,18990000000.0,167630000000.0,99690000000.0,244430000000.0,244280000000.0,135350000000,25990000000,,159930000000,-16680000000,-20000000000.0
149020000000,5220000000,-1690000000.0,4870000000,-1070000000,3800000000,1859999999,2023-09-30,DSFI.JK,5220000000,6910000000,17380000000,411440000000.0,12840000000.0,163210000000.0,88170000000.0,248230000000.0,248080000000.0,132840000000,19840000000,,156530000000,4179999999,3980000000.0
129199999999,2790000000,-1700000000.0,245940000,-109160000,137650000,1859999999,2023-12-31,DSFI.JK,2790000000,4460000000,14920000000,411940000000.0,14140000000.0,161440000000.0,85820000000.0,250500000000.0,250340000000.0,130430000000,21140000000,,160010000000,6410000000,5780000000.0
146100000000,5060000000,-1839999999.0,3830000000,-832980000,3000000000,1859999999,2024-03-31,DSFI.JK,5060000000,6689999999,18810000000,415680000000.0,22600000000.0,162180000000.0,96110000000.0,253500000000.0,253340000000.0,131169999999,29600000000,,158990000000,-1510000000,-2300000000.0
138250000000,5870000000,-1690000000.0,5880000000,-1320000000,4560000000,1859999999,2024-06-30,DSFI.JK,5870000000,7510000000,21030000000,423040000000.0,38120000000.0,164980000000.0,91120000000.0,258060000000.0,257899999999.0,133960000000,38120000000,,158200000000,13840000000,12990000000.0
1430000000000,38810000000,-112780000.0,40770000000,-467500000,40280000000,507670000,2022-12-31,ALKA.JK,38810000000,39000000000.0,39580000000,638950000000.0,427980000000.0,455180000000.0,77200000.0,183770000000.0,176190000000.0,454370000000,427980000000,,12580000000,375280000000,375710000000.0
705700000000,2630000000,-25520000.0,4520000000,-15760000,4500000000,507670000,2023-03-31,ALKA.JK,2630000000,6340000000.0,6310000000,739180000000.0,562020000000.0,556630000000.0,202320000.0,182550000000.0,178290000000.0,554820000000,562020000000,,12200000000,141250000000,137020000000.0
535450000000,-3560000000,-25520000.0,-278770000,15980000,-255840000,507670000,2023-06-30,ALKA.JK,-3560000000,-3330000000.0,-458930000,659800000000.0,432590000000.0,473030000000.0,131169999.0,186770000000.0,182520000000.0,471340000000,432590000000,,11450000000,-134320000000,-133789999999.0
491880000000,10700000000,,3880000000,112000,3860000000,507670000,2023-09-30,ALKA.JK,10700000000,10910000000.0,16090000000,566720000000.0,333560000000.0,370530000000.0,116170000.0,196190000000.0,191920000000.0,368800000000,333560000000,,11240000000,-104530000000,-104530000000.0
158050000000,25260000000,-1270000000.0,35180000000,-1280000000,33869999999,507670000,2023-12-31,ALKA.JK,25260000000,,36640000000,339740000000.0,316110000000.0,131389999999.0,135000000.0,208360000000.0,208790000000.0,128979999999,316110000000,,12320000000,-12980000000,-9740000000.0
13820000000,1839999999,-20250000.0,-1580000000,334000,-1620000000,507670000,2024-03-31,ALKA.JK,1839999999,5570000000.0,4760000000,329400000000.0,265029999999.0,120270000000.0,86170000.0,209130000000.0,209060000000.0,117900000000,265029999999,,11360000000,-49210000000,-52900000000.0
15760000000,528299999,-19330000.0,-559030000,111000,-615490000,507670000,2024-06-30,ALKA.JK,528299999,712150000.0,3900000000,292260000000.0,180970000000.0,88050000000.0,105000000.0,204210000000.0,204100000000.0,85680000000,180970000000,,11120000000,-79290000000,-79750000000.0
595520000000,-31070000000,-924750000.0,-31530000000,6360000000,-25170000000,3600000,2022-12-31,SCPI.JK,-31070000000,-24450000000,-15330000000,1359999999999.0,164080000000.0,376090000000.0,7750000000.0,985340000000.0,985340000000.0,343780000000,164080000000,,301360000000,262550000000,259790000000.0
581070000000,89610000000,-75130000.0,87930000000,-14570000000,73360000000,3600000,2023-03-31,SCPI.JK,89610000000,96920000000,98450000000,1420000000000.0,222850000000.0,359000000000.0,8390000000.0,1060000000000.0,1060000000000.0,324500000000,222850000000,,300490000000,56900000000,54780000000.0
652530000000,81610000000,-32850000.0,79280000000,-17910000000,61370000000,3600000,2023-06-30,SCPI.JK,81610000000,88860000000,91860000000,1540000000000.0,302470000000.0,595170000000.0,7680000000.0,940060000000.0,940060000000.0,559720000000,302470000000,,292010000000,85230000000,84380000000.0
1010000000000,164350000000,-57080000.0,163780000000,-36990000000,126790000000,3600000,2023-09-30,SCPI.JK,164350000000,171540000000,175020000000,1540000000000.0,207680000000.0,474840000000.0,7620000000.0,1070000000000.0,1070000000000.0,437740000000,207680000000,,287250000000,86540000000,83340000000.0
507300000000,-95920000000,-788630000.0,-91590000000,17770000000,-73820000000,3600000,2023-12-31,SCPI.JK,-95920000000,-79740000000,-69510000000,1420000000000.0,123150000000.0,580900000000.0,5670000000.0,840450000000.0,840450000000.0,543200000000,123150000000,,274720000000,85010000000,65269999999.0
692840000000,61980000000,-119170000.0,61970000000,-14460000000,47510000000,3600000,2024-03-31,SCPI.JK,61980000000,68390000000,74700000000,1630000000000.0,197600000000.0,740700000000.0,6270000000.0,887960000000.0,887960000000.0,700180000000,197600000000,,291130000000,100230000000,78180000000.0
657600000000,82450000000,,83150000000,-19050000000,64090000000,3600000,2024-06-30,SCPI.JK,82450000000,88830000000,94070000000,1660000000000.0,128050000000.0,711470000000.0,4800000000.0,952060000000.0,952060000000.0,670280000000,128050000000,,307160000000,-48220000000,-70900000000.0
5560000000,478740000,-11960000.0,475310000,-351700000,123580000,3440000000,2022-12-31,AWAN.JK,478740000,855300000,3380000000,24610000000.0,7510000000.0,3860000000.0,1010000000.0,20750000000.0,20750000000.0,2260000000.0,7510000000.0,,9010000000.0,,
5430000000,132990000,-4530000.0,150310000,-131430000,18960000,2690000000,2023-03-31,AWAN.JK,132990000,387090000,2680000000,,,,,,,,,,,-11000000000.0,-11210000000.0
6370000000,-2400000000,-61050000.0,-2380000000,91160000,-2290000000,3440000000,2023-06-30,AWAN.JK,-2400000000,-1250000000,2330000000,93390000000.0,54260000000.0,4980000000.0,2410000000.0,88410000000.0,88410000000.0,2350000000.0,54260000000.0,,19970000000.0,2510000000.0,-4750000000.0
11360000000,2700000000,-157070000.0,3050000000,-459060000,2600000000,3440000000,2023-09-30,AWAN.JK,2700000000,4350000000,7120000000,96220000000.0,43190000000.0,5220000000.0,1760000000.0,91000000000.0,91000000000.0,2670000000.0,43190000000.0,,24260000000.0,-8660000000.0,-12910000000.0
8630000000,341500000,-203720000.0,927570000,-630710000,296720000,3440000000,2023-12-31,AWAN.JK,341500000,1010000000,6600000000,97710000000.0,29450000000.0,6400000000.0,1110000000.0,91320000000.0,91320000000.0,3480000000.0,29450000000.0,,46240000000.0,2920000000.0,-8760000000.0
11580000000,1480000000,-99420000.0,2089999999,-515860000,1580000000,3440000000,2024-03-31,AWAN.JK,1480000000,3360000000,6170000000,98980000000.0,22560000000.0,5800000000.0,1030000000.0,93190000000.0,92900000000.0,2960000000.0,22560000000.0,,44720000000.0,-4630000000.0,-4650000000.0
11000000000,216200000,-59080000.0,332190000,-215450000,154660000,3440000000,2024-06-30,AWAN.JK,216200000,1470000000,6450000000,98420000000.0,19610000000.0,5120000000.0,955240000.0,93300000000.0,93050000000.0,1800000000.0,19610000000.0,,44000000000.0,-2450000000.0,-2840000000.0
522159999999,41340000000,-8890000000.0,33310000000,-7770000000,25540000000,1290000000,2022-12-31,ERTX.JK,41340000000,48570000000,62360000000,1240000000000.0,17580000000.0,872220000000.0,653350000000.0,365980000000.0,365960000000.0,589270000000,17580000000,,543000000000,-19500000000,-27750000000.0
489180000000,31660000000,-10290000000.0,20640000000,-3100000000,17540000000,1290000000,2023-03-31,ERTX.JK,31660000000,39080000000,52180000000,1210000000000.0,40460000000.0,837910000000.0,643620000000.0,369790000000.0,369780000000.0,564470000000,40460000000,,522809999999,16170000000,9340000000.0
427830000000,21530000000,-10120000000.0,13740000000,-2390000000,11350000000,1290000000,2023-06-30,ERTX.JK,21530000000,28950000000,43980000000,1130000000000.0,54010000000.0,763170000000.0,558510000000.0,366200000000.0,366180000000.0,464940000000,54010000000,,527659999999,113860000000,101660000000.0
400730000000,22490000000,-10770000000.0,4630000000,10760000,4640000000,1290000000,2023-09-30,ERTX.JK,22490000000,30160000000,35420000000,1230000000000.0,59430000000.0,852010000000.0,664050000000.0,382210000000.0,382190000000.0,532350000000,59430000000,,548030000000,-56970000000,-69580000000.0
522490000000,19790000000,-11630000000.0,11540000000,-3580000000,7960000000,1290000000,2023-12-31,ERTX.JK,19790000000,27800000000,48020000000,1240000000000.0,53410000000.0,855180000000.0,622530000000.0,386040000000.0,386030000000.0,538100000000,53410000000,,553390000000,46220000000,32600000000.0
468440000000,21560000000,-11040000000.0,9370000000,-1480000000,7880000000,1290000000,2024-03-31,ERTX.JK,21560000000,29700000000,43420000000,1240000000000.0,94360000000.0,833630000000.0,610100000000.0,405510000000.0,405490000000.0,516409999999,94360000000,,566830000000,76090000000,69420000000.0
374810000000,11540000000,-15430000000.0,-3590000000,-32040000,-3630000000,1290000000,2024-06-30,ERTX.JK,11540000000,20090000000,29190000000,1210000000000.0,41640000000.0,795750000000.0,608410000000.0,415130000000.0,415110000000.0,470880000000,41640000000,,590600000000,-18130000000,-32290000000.0
25120000000,-7990000000,-483180000.0,-7430000000,-3270000000,-10700000000,350000000,2022-12-31,LRNA.JK,-7990000000,-1760000000,-1060000000,225380000000.0,1190000000.0,54680000000.0,15250000000.0,170710000000.0,170710000000.0,23690000000,1190000000,,207710000000,12870000000,9990000000.0
18490000000,-2580000000,-289590000.0,-2109999999,0,-2109999999,350000000,2023-03-31,LRNA.JK,-2580000000,-783150000,3180000000,223370000000.0,628430000.0,54770000000.0,14240000000.0,168600000000.0,168600000000.0,23840000000,628430000,,205210000000,323700000,323700000.0
29320000000,4870000000,-247800000.0,5510000000,0,5510000000,350000000,2023-06-30,LRNA.JK,4870000000,6330000000,12140000000,226590000000.0,1500000000.0,52480000000.0,12820000000.0,174110000000.0,174110000000.0,21540000000,1500000000,,207370000000,4120000000,38890000.0
22740000000,-1680000000,-442300000.0,-1260000000,0,-1260000000,350000000,2023-09-30,LRNA.JK,-1680000000,-58520000,4590000000,225150000000.0,293530000.0,52290000000.0,12430000000.0,172850000000.0,172850000000.0,21360000000,293530000,,203700000000,-2029999999,-1560000000.0
22420000000,-3100000000,-98020000.0,-2580000000,-338480000,-2920000000,350000000,2023-12-31,LRNA.JK,-3100000000,-1589999999,3410000000,359300000000.0,986480000.0,52720000000.0,12380000000.0,306580000000.0,306580000000.0,21340000000,986480000,,341250000000,3710000000,3480000000.0
19060000000,-10040000000,-174340000.0,-9440000000,0,-9440000000,350000000,2024-03-31,LRNA.JK,-10040000000,-1370000000,-3930000000,348910000000.0,2530000000.0,51770000000.0,10650000000.0,297140000000.0,297140000000.0,20380000000,2530000000,,328250000000,-2450000000,
28530000000,-4540000000,-268890000.0,-3790000000,0,-3790000000,350000000,2024-06-30,LRNA.JK,-4540000000,4120000000,3200000000,344060000000.0,1430000000.0,50710000000.0,10530000000.0,293350000000.0,293350000000.0,19330000000,1430000000,,320720000000,3850000000,
9800000000.0,-1080000000.0,-9210000000.0,-10300000000.0,0.0,-10120000000.0,12310000000.0,2022-09-30,MAMI.JK,-1080000000.0,728680000.0,1880000000.0,1770000000000.0,3100000000.0,534059999999.0,304830000000.0,1230000000000.0,1220000000000.0,234400000000.0,3100000000.0,,1540000000000.0,94500000.0,94500000.0
,,,,,,,2022-12-31,MAMI.JK,,,,,,,,,,,,,,,
,,,,,,,2023-03-31,MAMI.JK,,,,,,,,,,,,,,,
,,,,,,,2023-06-30,MAMI.JK,,,,,,,,,,,,,,,
,,,,,,,2023-09-30,MAMI.JK,,,,,,,,,,,,,,,
,,,,,,,2023-12-31,MAMI.JK,,,,,,,,,,,,,,,
,,,,,,,2024-03-31,MAMI.JK,,,,,,,,,,,,,,,
11080000000,-297050000,0.0,635260000,-359100000,276160000,591830000,2022-12-31,INTD.JK,-297050000,-233850000,2900000000,44090000000.0,21600000000.0,3830000000.0,0.0,40260000000.0,40260000000.0,1450000000,21600000000,,1580000000,-621840000,-621840000.0
15320000000,1200000000,0.0,1580000000,-221530000,1359999999,591830000,2023-03-31,INTD.JK,1200000000,1300000000,3670000000,51080000000.0,28900000000.0,9360000000.0,0.0,41710000000.0,41720000000.0,7270000000,28900000000,,1500000000,7520000000,
9570000000,-1530000000,0.0,-1520000000,237440000,-1290000000,591830000,2023-06-30,INTD.JK,-1530000000,-1400000000,1950000000,45470000000.0,22070000000.0,4950000000.0,0.0,40520000000.0,40530000000.0,3060000000,22070000000,,1410000000,-6810000000,
9990000000,-125170000,0.0,303250000,20630000,323880000,591830000,2023-09-30,INTD.JK,-125170000,-19090000,2140000000,43880000000.0,16200000000.0,2940000000.0,0.0,40940000000.0,40940000000.0,1230000000,16200000000,,1910000000,-6080000000,-6080000000.0
8950000000,-1930000000,0.0,-1300000000,312640000,-984810000,591830000,2023-12-31,INTD.JK,-1930000000,-1870000000,1560000000,42440000000.0,14170000000.0,2790000000.0,0.0,39650000000.0,39660000000.0,380220000,14170000000,,2230000000,-2230000000,-2240000000.0
10420000000,-1260000000,0.0,-805540000,3730000,-801810000,591830000,2024-03-31,INTD.JK,-1260000000,-1190000000,1710000000,42470000000.0,19260000000.0,3620000000.0,0.0,38850000000.0,38860000000.0,1210000000,19260000000,,2160000000,4900000000,4900000000.0
6210000000,-2060000000,0.0,-294370000,-12450000,-306830000,591830000,2024-06-30,INTD.JK,-2060000000,-1920000000,1230000000,43140000000.0,8920000000.0,4590000000.0,0.0,38550000000.0,38550000000.0,2290000000,8920000000,,2049999999,-10410000000,-10410000000.0
78590000000,13000000000,-3500000000.0,3170000000,-1080000000,2089999999,588000000,2022-12-31,TIRA.JK,13000000000,14600000000,29730000000,351090000000.0,12550000000.0,183690000000.0,101120000000.0,167400000000.0,167400000000.0,136729999999,14590000000,,181880000000,-3960000000.0,-4240000000.0
71770000000,4950000000,-2580000000.0,2620000000,-231140000,2390000000,588000000,2023-03-31,TIRA.JK,4950000000,6900000000,24100000000,355790000000.0,5860000000.0,185750000000.0,106770000000.0,170040000000.0,170040000000.0,135130000000,7900000000,,189050000000,-3680000000.0,-4019999999.0
61010000000,-589260000,-2080000000.0,-2530000000,165410000,-2360000000,588000000,2023-06-30,TIRA.JK,-589260000,-209930000,15020000000,368760000000.0,6440000000.0,201380000000.0,111740000000.0,167380000000.0,167380000000.0,151000000000,8480000000,,195280000000,-2490000000.0,-2610000000.0
64540000000,1450000000,-2220000000.0,1070000000,-245080000,820570000,588000000,2023-09-30,TIRA.JK,1450000000,1710000000,28670000000,356780000000.0,8230000000.0,185260000000.0,90910000000.0,171520000000.0,171520000000.0,136020000000,8230000000,,181800000000,15230000000.0,14600000000.0
62550000000,4850000000,-2080000000.0,533080000,-126850000,406230000,588000000,2023-12-31,TIRA.JK,4850000000,6600000000,22010000000,345920000000.0,6360000000.0,178080000000.0,84400000000.0,167850000000.0,167850000000.0,127820000000,8390000000,,189480000000,19830000000.0,14290000000.0
63080000000,2120000000,-2120000000.0,144210000,-82070000,62140000,588000000,2024-03-31,TIRA.JK,2120000000,3370000000,21470000000,366800000000.0,13220000000.0,197270000000.0,79260000000.0,169530000000.0,168690000000.0,147790000000,13220000000,,182030000000,,
71830000000,1410000000,-2109999999.0,1230000000,-259800000,933110000,588800000,2024-06-30,TIRA.JK,1410000000,3770000000,20420000000,377620000000.0,13380000000.0,207220000000.0,95180000000.0,170390000000.0,170390000000.0,160770000000,13380000000,,188070000000,,
594360000000,37800000000,-6689999999.0,41900000000,-9660000000,27720000000,1500000000,2022-12-31,GLVA.JK,37800000000,44350000000,86570000000,920340000000.0,120940000000.0,582250000000.0,392000000000.0,338100000000.0,296960000000.0,544900000000,120940000000,,86330000000,422740000000,420800000000.0
423140000000,14750000000,-7320000000.0,23090000000,-5400000000,16050000000,1500000000,2023-03-31,GLVA.JK,14750000000,21560000000,52450000000,973390000000.0,68550000000.0,617610000000.0,384570000000.0,355780000000.0,313010000000.0,581150000000,68550000000,,90830000000,252760000000,243360000000.0
446030000000,18500000000,-8850000000.0,17250000000,-4110000000,12030000000,1500000000,2023-06-30,GLVA.JK,18500000000,25610000000,62290000000,983660000000.0,91300000000.0,638750000000.0,437820000000.0,344920000000.0,301040000000.0,604180000000,91300000000,,91840000000,247250000000,239110000000.0
530320000000,16329999999,-8830000000.0,18760000000,-4430000000,13960000000,1500000000,2023-09-30,GLVA.JK,16329999999,23510000000,57620000000,977250000000.0,110180000000.0,618010000000.0,435610000000.0,359240000000.0,315000000000.0,586340000000,110180000000,,88720000000,353180000000,349320000000.0
662120000000,47810000000,-7710000000.0,43060000000,-9880000000,31100000000,1500000000,2023-12-31,GLVA.JK,47810000000,55520000000,102020000000,931720000000.0,106500000000.0,539289999999.0,393100000000.0,392430000000.0,346100000000.0,511720000000,106500000000,,87410000000,365300000000,357790000000.0
424430000000,10860000000,-6040000000.0,21660000000,-5120000000,15690000000,1500000000,2024-03-31,GLVA.JK,10860000000,18250000000,53060000000,899400000000.0,51300000000.0,490420000000.0,346520000000.0,408980000000.0,361790000000.0,466820000000,51300000000,,85020000000,211430000000,202750000000.0
519380000000,17410000000,-6990000000.0,17990000000,-4260000000,8690000000,1500000000,2024-06-30,GLVA.JK,17410000000,25070000000,63560000000,1030000000000.0,100160000000.0,630060000000.0,410830000000.0,400200000000.0,347980000000.0,609210000000,100160000000,,74150000000,203470000000,200110000000.0
26130000000,647890000,-132130000.0,1250000000,-433160000,829580000,715750000,2022-12-31,LUCK.JK,647890000,3220000000,6370000000,174740000000.0,35230000000.0,38370000000.0,19290000000.0,136370000000.0,136289999999.0,29160000000,38230000000,,71540000000,8550000000,8350000000.0
27460000000,414330000,-41810000.0,481680000,-324800000,163010000,715750000,2023-03-31,LUCK.JK,414330000,3320000000,7380000000,171690000000.0,33790000000.0,35180000000.0,18420000000.0,136509999999.0,136430000000.0,25780000000,36790000000,,70490000000,1270000000,-554840000.0
24200000000,-356720000,-79210000.0,-93040000,166190000,66720000,715750000,2023-06-30,LUCK.JK,-356720000,2700000000,6090000000,170340000000.0,30440000000.0,33770000000.0,16530000000.0,136580000000.0,136500000000.0,24150000000,33439999999,,67330000000,-1240000000,-1250000000.0
28880000000,1640000000,-615340000.0,727860000,-723960000,20610000,715750000,2023-09-30,LUCK.JK,1640000000,2960000000,7630000000,175300000000.0,31570000000.0,38640000000.0,16649999999.0,136669999999.0,136600000000.0,28600000000,37570000000,,65970000000,3810000000,3850000000.0
26160000000,-1950000000,,-830040000,757260000,-66780000,715750000,2023-12-31,LUCK.JK,-1950000000,1890000000,2570000000,174610000000.0,46280000000.0,38010000000.0,16790000000.0,136590000000.0,136539999999.0,28610000000,46280000000,,65170000000,11570000000,8020000000.0
28440000000,417020000,-36690000.0,494180000,-70210000,438330000,715750000,2024-03-31,LUCK.JK,417020000,2730000000,6260000000,172370000000.0,44530000000.0,35370000000.0,16800000000.0,137009999999.0,136960000000.0,26000000000,44530000000,,63670000000,-1300000000,-2109999999.0
23390000000,-142300000,-190460000.0,-433470000,65140000,-357510000,715750000,2024-06-30,LUCK.JK,-142300000,1550000000,5590000000,171450000000.0,38800000000.0,34820000000.0,16790000000.0,136630000000.0,136590000000.0,24120000000,38800000000,,70220000000,1220000000,-5810000000.0
45520000000,2340000000,-1690000000.0,649620000,-715490000,-70320000,697270000,2022-12-31,KOPI.JK,2340000000,4689999999,11050000000,257589999999.0,12930000000.0,159710000000.0,84290000000.0,97880000000.0,97040000000.0,62930000000,12930000000,,167940000000,-6220000000,-69940000000.0
52170000000,4400000000,-2290000000.0,1770000000,-616710000,1140000000,697270000,2023-03-31,KOPI.JK,4400000000,6290000000,12950000000,290110000000.0,7420000000.0,191070000000.0,108970000000.0,99040000000.0,98180000000.0,59640000000,7420000000,,201550000000,3130000000,-31380000000.0
48970000000,1290000000,,2270000000,-1080000000,1200000000,697270000,2023-06-30,KOPI.JK,1290000000,3100000000,10880000000,323170000000.0,6170000000.0,222940000000.0,141430000000.0,100220000000.0,99380000000.0,59920000000,6170000000,,237400000000,-4080000000,-41780000000.0
49740000000,3830000000,-592850000.0,2510000000,-762990000,1740000000,697270000,2023-09-30,KOPI.JK,3830000000,5580000000,12670000000,319450000000.0,4269999999.0,217480000000.0,136100000000.0,101970000000.0,101120000000.0,59520000000,4269999999,,245700000000,12300000000,3410000000.0
30220000000,-1030000000,-215090000.0,453190000,-2120000000,-1690000000,697270000,2023-12-31,KOPI.JK,-1030000000,709940000,7050000000,345240000000.0,6590000000.0,244810000000.0,136699999999.0,100430000000.0,99550000000.0,107030000000,6590000000,,252630000000,13820000000,4540000000.0
62050000000,1790000000,-3580000000.0,-1760000000,221060000,-1530000000,697270000,2024-03-31,KOPI.JK,1790000000,7160000000,13660000000,349060000000.0,9140000000.0,250170000000.0,136479999999.0,98900000000.0,98020000000.0,117920000000,9140000000,,248860000000,4710000000,1760000000.0
67069999999,2550000000,-3920000000.0,-463480000,-165360000,-625690000,697270000,2024-06-30,KOPI.JK,2550000000,10170000000,13830000000,348950000000.0,13090000000.0,250680000000.0,145230000000.0,98270000000.0,97390000000.0,118700000000,13090000000,,244110000000,-2740000000,-4120000000.0
309370000000,-19150000000,-8070000000.0,-26780000000,0,-26780000000,2420000000,2022-12-31,DAYA.JK,-19150000000,22210000000,73570000000,687500000000.0,70030000000.0,653460000000.0,269860000000.0,34040000000.0,34040000000.0,574580000000,70030000000,,281380000000,77640000000,62830000000.0
304220000000,825580000,-7380000000.0,-5220000000,-1010000000,-6230000000,2420000000,2023-03-31,DAYA.JK,825580000,30020000000,84020000000,633020000000.0,53850000000.0,605220000000.0,262930000000.0,27810000000.0,27810000000.0,524440000000,53850000000,,262640000000,2830000000,-4170000000.0
397990000000,-2920000000,-7320000000.0,-7920000000,1030000000,-6890000000,2420000000,2023-06-30,DAYA.JK,-2920000000,32500000000,102280000000,759100000000.0,180120000000.0,738180000000.0,256290000000.0,20920000000.0,20920000000.0,661490000000,180120000000,,250690000000,155120000000,149620000000.0
394540000000,-4130000000,-7770000000.0,-11730000000,-4320000000,-16050000000,2420000000,2023-09-30,DAYA.JK,-4130000000,25920000000,95000000000,727080000000.0,175370000000.0,720940000000.0,249410000000.0,6140000000.0,6140000000.0,642910000000,175370000000,,241150000000,27640000000,21520000000.0
449250000000,18500000000,,17220000000,-4240000000,12980000000,2420000000,2023-12-31,DAYA.JK,18500000000,48710000000,111220000000,689740000000.0,114400000000.0,672140000000.0,147470000000.0,17610000000.0,17610000000.0,593180000000,114400000000,,256600000000,100330000000,83600000000.0
439090000000,12500000000,-5110000000.0,6090000000,-1510000000,4580000000,2420000000,2024-03-31,DAYA.JK,12500000000,43300000000,115900000000,712900000000.0,42250000000.0,690710000000.0,170010000000.0,22190000000.0,22190000000.0,609830000000,42250000000,,249450000000,-66269999999,-78260000000.0
506690000000,26930000000,-6840000000.0,16430000000,-3930000000,12490000000,2420000000,2024-06-30,DAYA.JK,26930000000,57160000000,143360000000,678710000000.0,42050000000.0,644220000000.0,173720000000.0,34500000000.0,34500000000.0,542990000000,42050000000,,278470000000,57340000000,46890000000.0
38060000000,-2000000000,-39310000.0,-1500000000,-185910000,-1680000000,96000000,2022-12-31,LMSH.JK,-2000000000,-1280000000,-488630000,132400000000.0,19420000000.0,20830000000.0,0.0,111570000000.0,111570000000.0,12170000000,33740000000,,55900000000,3870000000,3870000000.0
26260000000,2840000000,0.0,2660000000,-10460000,2650000000,96000000,2023-03-31,LMSH.JK,2840000000,3560000000,4920000000,130180000000.0,19830000000.0,15960000000.0,0.0,114220000000.0,114220000000.0,7300000000,33939999999,,55080000000,688330000,688330000.0
20270000000,-2770000000,-75000000.0,-2530000000,33080000,-2500000000,96000000,2023-06-30,LMSH.JK,-2770000000,-2089999999,-511860000,124020000000.0,11120000000.0,12300000000.0,0.0,111720000000.0,111720000000.0,3640000000,25300000000,,54430000000,-8480000000,-8620000000.0
32310000000,-5540000000,0.0,-4750000000,45420000,-4700000000,96000000,2023-09-30,LMSH.JK,-5540000000,-4860000000,-2400000000,124380000000.0,17750000000.0,17360000000.0,0.0,107020000000.0,107020000000.0,8700000000,32220000000,,53670000000,6590000000,6590000000.0
34140000000,-1650000000,0.0,-1500000000,265660000,-1230000000,96000000,2023-12-31,LMSH.JK,-1650000000,-969720000,1750000000,125150000000.0,19760000000.0,20420000000.0,0.0,104740000000.0,104740000000.0,13730000000,34290000000,,53410000000,2109999999,2120000000.0
20350000000,-1200000000,0.0,-529320000,107280000,-422030000,96000000,2024-03-31,LMSH.JK,-1200000000,-529000000,1250000000,125180000000.0,22480000000.0,20870000000.0,0.0,104310000000.0,104310000000.0,14180000000,37300000000,,52730000000,2700000000,2680000000.0
22250000000,-3370000000,0.0,-2590000000,107860000,-2480000000,96000000,2024-06-30,LMSH.JK,-3370000000,-2700000000,-629220000,121600000000.0,26260000000.0,19770000000.0,0.0,101830000000.0,101830000000.0,13210000000,32549999999,,52030000000,-5180000000,-5180000000.0
32619999999,3719999999,-3860000.0,4000000000,-4320000000,-319210000,418000000,2022-12-31,BLUE.JK,3719999999,4210000000,9760000000,95880000000.0,7350000000.0,8020000000.0,0.0,87860000000.0,87860000000.0,6660000000,12360000000,,38490000000,6820000000,5590000000.0
40040000000,8199999999,-152440000.0,8100000000,0,8100000000,418000000,2023-03-31,BLUE.JK,8199999999,8690000000,14310000000,101890000000.0,5290000000.0,5920000000.0,0.0,95960000000.0,95960000000.0,4560000000,10300000000,,38460000000,-1589999999,-2060000000.0
27910000000,3270000000,-7270000.0,3270000000,0,3270000000,418000000,2023-06-30,BLUE.JK,3270000000,3780000000,8230000000,104700000000.0,8630000000.0,5460000000.0,0.0,99240000000.0,99240000000.0,4099999999,13640000000,,39010000000,4400000000,3340000000.0
43260000000,8940000000,-12790000.0,9060000000,-3880000000,5180000000,418000000,2023-09-30,BLUE.JK,8940000000,9460000000,17340000000,100740000000.0,3590000000.0,10110000000.0,0.0,90620000000.0,90620000000.0,8750000000,3590000000,,39640000000,9900000000,8750000000.0
31870000000,1160000000,,1110000000,-927020000,179280000,418000000,2023-12-31,BLUE.JK,1160000000,1700000000,7060000000,103990000000.0,10670000000.0,13290000000.0,5210000000.0,90700000000.0,90700000000.0,8140000000,10670000000,,45470000000,3020000000,5060000000.0
35430000000,5420000000,-51940000.0,5610000000,0,5610000000,418000000,2024-03-31,BLUE.JK,5420000000,5970000000,10940000000,108280000000.0,9200000000.0,11980000000.0,5880000000.0,96310000000.0,96310000000.0,7040000000,9200000000,,47000000000,609360000,-1470000000.0
36750000000,5080000000,-65610000.0,5050000000,-2350000000,2710000000,418000000,2024-06-30,BLUE.JK,5080000000,5680000000,12290000000,111420000000.0,5420000000.0,10060000000.0,5000000000.0,101360000000.0,101360000000.0,5090000000,5420000000,,46390000000,-3790000000,-3780000000.0
17200000000,-281210000,-320000000.0,-598600000,96030000,-502570000,1250000000,H1 '21-12-31,SOFA.JK,-281210000,1410000000,4560000000,69450000000.0,5740000000.0,23440000000.0,12510000000.0,46010000000.0,46010000000.0,18550000000,5740000000,,42380000000,-1200000000,-2009999999.0
20240000000,-2120000000,-779890000.0,-3280000000,693370000,-2580000000,1650000000,H2 '21-12-31,SOFA.JK,-2120000000,1790000000,5620000000,64099999999.0,1790000000.0,20360000000.0,4179999999.0,43740000000.0,43740000000.0,14620000000,1790000000,,45100000000,14040000000,7070000000.0
18540000000,-2300000000,-554570000.0,-2750000000,492590000,-2260000000,1650000000,H1 '22-12-31,SOFA.JK,-2300000000,1620000000,4200000000,64160000000.0,2460000000.0,22750000000.0,4430000000.0,41410000000.0,41410000000.0,18220000000,2460000000,,43880000000,-339820000,-339820000.0
28490000000,4440000000,-435170000.0,4120000000,-1010000000,3100000000,1650000000,H2 '22-12-31,SOFA.JK,4440000000,8680000000,11070000000,62050000000.0,3840000000.0,17160000000.0,2080000000.0,44890000000.0,44890000000.0,13710000000,3840000000,,40260000000,6800000000,4250000000.0
21230000000,739480000,-245380000.0,364420000,-128289999,236130000,1650000000,H1 '23-12-31,SOFA.JK,739480000,4880000000,8510000000,61400000000.0,4730000000.0,16340000000.0,722070000.0,45060000000.0,45060000000.0,12850000000,4730000000,,36880000000,3100000000,2260000000.0
25410000000,64680000,-256060000.0,136130000,-263769999,-127630000,1650000000,H2 '23-12-31,SOFA.JK,64680000,5340000000,8279999999,63940000000.0,8420000000.0,18520000000.0,3330000000.0,45410000000.0,45410000000.0,15400000000,8420000000,,33729999999,3510000000,2490000000.0
23850000000,810490000,-379580000.0,674820000,-142930000,531890000,1650000000,H1 '24-12-31,SOFA.JK,810490000,4440000000,9410000000,64239999999.0,4830000000.0,18360000000.0,1440000000.0,45880000000.0,45880000000.0,14700000000,4830000000,,31080000000,-261690000,-1320000000.0
1120000000.0,-95680000.0,,-103320000.0,0.0,-103320000.0,2430000000.0,2022-09-30,CPRI.JK,-95680000.0,600190000.0,,209460000000.0,1130000000.0,25690000000.0,0.0,183770000000.0,183310000000.0,,1130000000.0,,,892440000.0,892440000.0
,,,,,,,2022-12-31,CPRI.JK,,,,,,,,,,,,,,,
,,,,,,,2023-03-31,CPRI.JK,,,,,,,,,,,,,,,
,,,,,,,2023-06-30,CPRI.JK,,,,,,,,,,,,,,,
,,,,,,,2023-09-30,CPRI.JK,,,,,,,,,,,,,,,
,,,,,,,2023-12-31,CPRI.JK,,,,,,,,,,,,,,,
,,,,,,,2024-03-31,CPRI.JK,,,,,,,,,,,,,,,
567330000000,34049999999,-16690000000.0,20960000000,-5050000000,15910000000,3410000000,2022-09-30,SMKL.JK,34049999999,48550000000,124470000000,2060000000000.0,7140000000.0,1200000000000.0,771930000000.0,857750000000.0,857750000000.0,1000000000000,7140000000,,896160000000,84990000000,58520000000.0
521020000000,13600000000,-13250000000.0,4450000000,-2850000000,1600000000,3420000000,2022-12-31,SMKL.JK,13600000000,29610000000,69240000000,2020000000000.0,2730000000.0,1070000000000.0,808570000000.0,958400000000.0,958400000000.0,895660000000,2730000000,,1080000000000,43600000000,-46000000000.0
499390000000,29610000000,-13720000000.0,20490000000,-4670000000,15820000000,3410000000,2023-03-31,SMKL.JK,29610000000,47480000000,81920000000,1970000000000.0,13390000000.0,997380000000.0,705450000000.0,975370000000.0,975370000000.0,842080000000,13390000000,,1090000000000,137150000000,112740000000.0
400970000000,-5370000000,-11200000000.0,-14860000000,3110000000,-11750000000,3420000000,2023-06-30,SMKL.JK,-5370000000,8980000000,51220000000,1960000000000.0,1600000000.0,1040000000000.0,711330000000.0,923750000000.0,923750000000.0,891360000000,1600000000,,1100000000000,21520000000,-14310000000.0
427730000000,16550000000,-13040000000.0,6710000000,-1900000000,4810000000,3420000000,2023-09-30,SMKL.JK,16550000000,34259999999,67379999999,1930000000000.0,7450000000.0,1000000000000.0,711300000000.0,929700000000.0,929700000000.0,852700000000,7450000000,,1110000000000,39820000000,14280000000.0
411210000000,19710000000,-14540000000.0,8020000000,-5060000000,2969999999,3420000000,2023-12-31,SMKL.JK,19710000000,36430000000,68890000000,1890000000000.0,6720000000.0,963900000000.0,671200000000.0,927050000000.0,927050000000.0,823560000000,6720000000,,1140000000000,50720000000,45180000000.0
426780000000,29930000000,-10320000000.0,21950000000,-4640000000,17310000000,3420000000,2024-03-31,SMKL.JK,29930000000,47310000000,79280000000,1980000000000.0,6830000000.0,1040000000000.0,703780000000.0,943920000000.0,943920000000.0,910470000000,6830000000,,1130000000000,9650000000,1260000000.0
30680000000,2550000000,-243460000.0,2380000000,-738490000,1640000000,2000000000,2022-12-31,DEWI.JK,2550000000,2610000000,4710000000,160200000000.0,10770000000.0,15650000000.0,13180000000.0,144560000000.0,144560000000.0,13340000000,10770000000,,78800000000,-76240000000,-84440000000.0
20490000000,1790000000,-257940000.0,1530000000,-291390000,1240000000,2000000000,2023-03-31,DEWI.JK,1790000000,2040000000,3060000000,156890000000.0,2890000000.0,13010000000.0,10430000000.0,143880000000.0,143880000000.0,9980000000,2890000000,,78210000000,4360000000,1760000000.0
10770000000,1680000000,,1340000000,-250510000,1090000000,2000000000,2023-06-30,DEWI.JK,1680000000,1830000000,3340000000,171500000000.0,1000000000.0,24610000000.0,22110000000.0,146890000000.0,146890000000.0,12690000000,1000000000,,81880000000,-19270000000,-20680000000.0
28930000000,4550000000,,5200000000,-991520000,4200000000,2000000000,2023-09-30,DEWI.JK,4550000000,4890000000,5610000000,176580000000.0,20070000000.0,21930000000.0,20800000000.0,154650000000.0,154650000000.0,10260000000,20070000000,,79330000000,12190000000,13680000000.0
44830000000,359100000,-1470000000.0,-742190000,350650000,-391530000,2000000000,2023-12-31,DEWI.JK,359100000,425000000,2380000000,177210000000.0,15550000000.0,26370000000.0,22070000000.0,150840000000.0,150840000000.0,14810000000,15550000000,,82290000000,3400000000,1140000000.0
10120000000,1110000000,-278120000.0,830740000,-157840000,672900000,2000000000,2024-03-31,DEWI.JK,1110000000,1359999999,2060000000,179260000000.0,22450000000.0,27640000000.0,23430000000.0,151610000000.0,151610000000.0,16440000000,22450000000,,82010000000,11160000000,
12670000000,1390000000,,1100000000,-209530000,893250000,1380000000,2024-06-30,DEWI.JK,1390000000,1600000000,2520000000,177870000000.0,10710000000.0,25000000000.0,21440000000.0,152870000000.0,152870000000.0,14170000000,10710000000,,78560000000,-37970000000,
86540000000,-2500000000,,-3160000000,261339999,-2900000000,1240000000,2022-12-31,WAPO.JK,-2500000000,,853100000,97500000000.0,2990000000.0,26490000000.0,53550000.0,71020000000.0,71020000000.0,25770000000,2990000000,,43880000000,-437780000,-437780000.0
64200000000,-113840000,,-38600000,-54860000,-93460000,1240000000,2023-03-31,WAPO.JK,-113840000,-59930000.0,1510000000,103700000000.0,4990000000.0,32780000000.0,23730000.0,70920000000.0,70920000000.0,32090000000,4990000000,,45400000000,2000000000,2000000000.0
86380000000,-147780000,,885570000,-212210000,673360000,1240000000,2023-06-30,WAPO.JK,-147780000,497930000.0,1110000000,92750000000.0,6540000000.0,21150000000.0,10420000.0,71600000000.0,71600000000.0,20480000000,6540000000,,45030000000,3240000000,1550000000.0
101840000000,-157720000,,78580000,-100110000,-21540000,1240000000,2023-09-30,WAPO.JK,-157720000,350030000.0,1839999999,127450000000.0,7510000000.0,55880000000.0,31350000.0,71570000000.0,71570000000.0,55180000000,7510000000,,45610000000,2140000000,968110000.0
168530000000,15550000,0.0,-268850000,-70940000,-339790000,1240000000,2023-12-31,WAPO.JK,15550000,,6230000000,131940000000.0,9680000000.0,60680000000.0,21030000.0,71250000000.0,71250000000.0,59920000000,9680000000,,46150000000,2260000000,2170000000.0
319480000000,3860000000,,3860000000,-1060000000,2800000000,1240000000,2024-03-31,WAPO.JK,3860000000,4179999999.0,6950000000,162780000000.0,7500000000.0,88740000000.0,10830000.0,74050000000.0,74050000000.0,87980000000,7500000000,,54310000000,6410000000,-2180000000.0
369570000000,-342580000,,412270000,-56880000,355390000,1240000000,2024-06-30,WAPO.JK,-342580000,199730000.0,2990000000,131539999999.0,5210000000.0,57140000000.0,635900.0,74400000000.0,74400000000.0,56390000000,5210000000,,53870000000,-3240000000,-2290000000.0
9140000000,21500000000,,13700000000,-34049999999,-20350000000,1520000000,2022-12-31,IBFN.JK,21500000000,,,521809999999.0,33659999999.0,1090000000000.0,964630000000.0,-563340000000.0,-563340000000.0,,33659999999,,,8960000000,8960000000.0
1460000000,-1980000000,,-2790000000,-10060000000,-12840000000,1520000000,2023-03-31,IBFN.JK,-1980000000,-1970000000.0,,500910000000.0,51050000000.0,1080000000000.0,957240000000.0,-576180000000.0,-576180000000.0,,51050000000,,,21630000000,21630000000.0
5140000000,234070000,,-13120000000,-10060000000,-23180000000,1520000000,2023-06-30,IBFN.JK,234070000,243620000.0,,485560000000.0,59890000000.0,1080000000000.0,951490000000.0,-599360000000.0,-599360000000.0,,59890000000,,,14510000000,14510000000.0
8770000000,4790000000,,-9990000000,-10060000000,-20050000000,1520000000,2023-09-30,IBFN.JK,4790000000,4800000000.0,,480300000000.0,67379999999.0,1100000000000.0,949650000000.0,-619410000000.0,-619410000000.0,,67379999999,,,12250000000,12250000000.0
7740000000,12830000000,,-1740000000,-9990000000,-11720000000,1520000000,2023-12-31,IBFN.JK,12830000000,12830000000.0,,472510000000.0,88740000000.0,1100000000000.0,942360000000.0,-631130000000.0,-631130000000.0,,88740000000,,,36940000000,24730000000.0
8449999999,1740000000,,-13020000000,-10060000000,-23070000000,1520000000,2024-03-31,IBFN.JK,1740000000,2760000000.0,,451160000000.0,71150000000.0,1110000000000.0,931320000000.0,-654210000000.0,-654210000000.0,,71150000000,,,-4630000000,-4630000000.0
8100000000,-1270000000,,-15970000000,-10270000000,-26240000000,1520000000,2024-06-30,IBFN.JK,-1270000000,-250700000.0,,439960000000.0,52620000000.0,1120000000000.0,909080000000.0,-680450000000.0,-680450000000.0,,52620000000,,,-13950000000,-13950000000.0
54710000000,-173950000,-2009999999.0,269990000,-846620000,-572550000,2160000000,2022-12-31,ENZO.JK,-173950000,1560000000,13860000000,313330000000.0,282720000.0,152820000000.0,106630000000.0,160510000000.0,160070000000.0,134039999999,282720000,,117850000000,-25110000000,-31250000000.0
91220000000,615490000,-2550000000.0,-1859999999,-576170000,-2390000000,2160000000,2023-03-31,ENZO.JK,615490000,2500000000,9000000000,302530000000.0,6210000000.0,144600000000.0,118080000000.0,157930000000.0,157530000000.0,126590000000,6210000000,,121840000000,-1640000000,-7760000000.0
157230000000,4689999999,-3160000000.0,2469999999,485220000,2910000000,2160000000,2023-06-30,ENZO.JK,4689999999,6540000000,13300000000,306780000000.0,527630000.0,145460000000.0,110580000000.0,161330000000.0,161880000000.0,118980000000,527630000,,119770000000,-3570000000,-4010000000.0
127680000000,1540000000,-2710000000.0,862260000,-696960000,186320000,2160000000,2023-09-30,ENZO.JK,1540000000,4960000000,9230000000,306480000000.0,511640000.0,144850000000.0,110960000000.0,161640000000.0,161210000000.0,120320000000,511640000,,118140000000,-181020000,-2969999999.0
135169999999,-1040000000,-4700000000.0,-5120000000,418900000,-4640000000,2160000000,2023-12-31,ENZO.JK,-1040000000,-86950000,9030000000,355680000000.0,20350000000.0,199810000000.0,158410000000.0,155870000000.0,155520000000.0,185900000000,20350000000,,120640000000,-34700000000,-34090000000.0
149040000000,5590000000,-3600000000.0,2469999999,-1110000000,1380000000,2160000000,2024-03-31,ENZO.JK,5590000000,7710000000,13770000000,378420000000.0,37710000000.0,221350000000.0,176180000000.0,157080000000.0,156750000000.0,204360000000,37710000000,,117260000000,-18410000000,-18450000000.0
165010000000,6600000000,-4390000000.0,4570000000,-367390000,4170000000,2160000000,2024-06-30,ENZO.JK,6600000000,8180000000,16739999999,399670000000.0,36350000000.0,238590000000.0,178880000000.0,161080000000.0,160690000000.0,211410000000,36350000000,,115730000000,19660000000,18190000000.0
6300000000,-988160000,-1960000000.0,-2430000000,266810000,-2140000000,1000000000,2022-12-31,SOTS.JK,-988160000,327460000,3050000000,405020000000.0,11830000000.0,163250000000.0,73380000000.0,241770000000.0,229860000000.0,13700000000,11830000000,,385270000000,-2310000000,-2840000000.0
5090000000,-1370000000,-1930000000.0,-3260000000,0,-3250000000,935520000,2023-03-31,SOTS.JK,-1370000000,-43190000,2100000000,403290000000.0,10810000000.0,164780000000.0,71610000000.0,238510000000.0,226600000000.0,13460000000,10810000000,,384580000000,-2800000000,-7939999999.0
4740000000,-2730000000,-2080000000.0,-4630000000,0,-4610000000,935520000,2023-06-30,SOTS.JK,-2730000000,-1390000000,1580000000,402400000000.0,10590000000.0,168520000000.0,70020000000.0,233880000000.0,222000000000.0,13950000000,10590000000,,383600000000,-3480000000,-4410000000.0
6380000000,-1040000000,-1900000000.0,-2930000000,0,-2890000000,935520000,2023-09-30,SOTS.JK,-1040000000,325010000,2810000000,401850000000.0,11250000000.0,170900000000.0,68230000000.0,230950000000.0,219110000000.0,14480000000,11250000000,,382400000000,-1330000000,-1890000000.0
6370000000,-1359999999,-1760000000.0,-2910000000,50410000,-2870000000,518669999,2023-12-31,SOTS.JK,-1359999999,2380000,2930000000,397140000000.0,11890000000.0,169110000000.0,66440000000.0,228030000000.0,216180000000.0,13630000000,11890000000,,377440000000,1839999999,6640000000.0
4550000000,-2400000000,-1740000000.0,-4010000000,0,-3990000000,800000000,2024-03-31,SOTS.JK,-2400000000,-1020000000,1450000000,394900000000.0,9860000000.0,170880000000.0,64500000000.0,224020000000.0,212190000000.0,13980000000,9860000000,,376340000000,-3940000000,-4219999999.0
5190000000,-2250000000,-1710000000.0,-3840000000,0,-3810000000,800000000,2024-06-30,SOTS.JK,-2250000000,-384820000,1490000000,429380000000.0,9540000000.0,225700000000.0,62560000000.0,203680000000.0,193720000000.0,16190000000,9540000000,,411400000000,-2530000000,-2450000000.0
23840000000,6340000000,-18810000.0,6400000000,-1530000000,4870000000,732000000,2022-09-30,OBMD.JK,6340000000,6670000000,20260000000,131940000000.0,39180000000.0,12830000000.0,1880000000.0,119110000000.0,119110000000.0,7170000000,39180000000,,31070000000,2440000000,2500000000.0
24370000000,-11850000000,-51160000.0,-10800000000,1130000000,-9670000000,805990000,2022-12-31,OBMD.JK,-11850000000,-11510000000,19050000000,130539999999.0,44760000000.0,19750000000.0,4630000000.0,110790000000.0,110790000000.0,13540000000,44760000000,,29570000000,-121030000,-270020000.0
36610000000,12080000000,-83600000.0,12110000000,20690000,12140000000,657630000,2023-03-31,OBMD.JK,12080000000,12330000000,34220000000,139030000000.0,47790000000.0,16110000000.0,1440000000.0,122920000000.0,122920000000.0,10110000000,47790000000,,29350000000,6060000000,6040000000.0
45930000000,20200000000,-44000000.0,18700000000,-6800000000,11900000000,805990000,2023-06-30,OBMD.JK,20200000000,20460000000,39470000000,154510000000.0,39350000000.0,19070000000.0,1200000000.0,135440000000.0,135440000000.0,13400000000,39350000000,,29310000000,-8439999999,-8439999999.0
42130000000,21130000000,-137330000.0,21840000000,-4800000000,17030000000,805990000,2023-09-30,OBMD.JK,21130000000,21560000000,39140000000,181640000000.0,51920000000.0,29160000000.0,7490000000.0,152480000000.0,152480000000.0,23750000000,51920000000,,36010000000,12910000000,8680000000.0
29820000000,-17960000000,-117590000.0,-20460000000,3780000000,-16680000000,805990000,2023-12-31,OBMD.JK,-17960000000,-17540000000,7900000000,176140000000.0,77560000000.0,40850000000.0,7250000000.0,135300000000.0,135300000000.0,32500000000,77560000000,,35520000000,25190000000,26230000000.0
53410000000,24260000000,-186130000.0,24370000000,-5330000000,19050000000,805990000,2024-03-31,OBMD.JK,24260000000,24620000000,44770000000,188590000000.0,66160000000.0,34119999999.0,9330000000.0,154470000000.0,154470000000.0,19380000000,66160000000,,38370000000,-10150000000,-10490000000.0
,,,,,,,2022-09-30,KPAS.JK,,,,,,,,,,,,,,,
,,,,,,,2022-12-31,KPAS.JK,,,,,,,,,,,,,,,
,,,,,,,2023-03-31,KPAS.JK,,,,,,,,,,,,,,,
,,,,,,,2023-06-30,KPAS.JK,,,,,,,,,,,,,,,
,,,,,,,2023-09-30,KPAS.JK,,,,,,,,,,,,,,,
,,,,,,,2023-12-31,KPAS.JK,,,,,,,,,,,,,,,
,,,,,,,2024-03-31,KPAS.JK,,,,,,,,,,,,,,,
13920000000,9030000000,,8490000000,-1660000000,6840000000,800000000,2022-12-31,TRUS.JK,9030000000,9600000000,,374680000000.0,56460000000.0,23620000000.0,7100000000.0,351060000000.0,351060000000.0,,56460000000,,,-16290000000,-16800000000.0
13250000000,8480000000,,8369999999,-1670000000,6689999999,800000000,2023-03-31,TRUS.JK,8480000000,8990000000,,379770000000.0,92040000000.0,22010000000.0,6800000000.0,357760000000.0,357760000000.0,,92040000000,,,35890000000,35870000000.0
12530000000,6740000000,,6630000000,-1250000000,5380000000,800000000,2023-06-30,TRUS.JK,6740000000,7210000000,,385350000000.0,89480000000.0,22210000000.0,6560000000.0,363130000000.0,363130000000.0,,89480000000,,,-1080000000,-2320000000.0
13660000000,8810000000,,8720000000,-1750000000,6970000000,800000000,2023-09-30,TRUS.JK,8810000000,9330000000,,422320000000.0,39810000000.0,52210000000.0,36130000000.0,370110000000.0,370110000000.0,,39810000000,,,-37680000000,-79240000000.0
15700000000,10550000000,,9140000000,-2190000000,6950000000,800000000,2023-12-31,TRUS.JK,10550000000,11060000000,,427530000000.0,71690000000.0,50280000000.0,32580000000.0,377250000000.0,377250000000.0,,71690000000,,,35980000000,35430000000.0
13100000000,7210000000,,6290000000,-1190000000,5100000000,800000000,2024-03-31,TRUS.JK,7210000000,7600000000,,429900000000.0,2540000000.0,47540000000.0,32420000000.0,382360000000.0,382360000000.0,,2540000000,,,-67269999999,-68990000000.0
14690000000,10130000000,,9300000000,-1880000000,7420000000,800000000,2024-06-30,TRUS.JK,10130000000,10430000000,,430230000000.0,7190000000.0,40450000000.0,25180000000.0,389780000000.0,389780000000.0,,7190000000,,,12500000000,11890000000.0
77200000000,7930000000,0.0,8070000000,0,8070000000,1160000000,H1 '23-12-31,SMKM.JK,7930000000,9200000000,14170000000,209640000000.0,115870000000.0,7300000000.0,223900000.0,202340000000.0,202340000000.0,6180000000,115870000000,,2870000000,3590000000,3550000000.0
52830000000,1330000000,,1630000000,0,1630000000,1250000000,H2 '23-12-31,SMKM.JK,1330000000,2650000000,6250000000,207690000000.0,66200000000.0,3430000000.0,156730000.0,204260000000.0,204260000000.0,2610000000,66200000000,,1540000000,-48290000000,-48290000000.0
44630000000,43530000,,308320000,0,308320000,1250000000,H1 '24-12-31,SMKM.JK,43530000,633810000,5000000000,207080000000.0,75180000000.0,3140000000.0,89560000.0,203940000000.0,203940000000.0,2350000000,75180000000,,9370000000,17550000000,9160000000.0
14490000000,1609999999,-2250000000.0,2660000000,-291770000,6170000000,2230000000,2022-12-31,ESTA.JK,1609999999,4800000000,6620000000,245370000000.0,16280000000.0,102110000000.0,89910000000.0,143260000000.0,143230000000.0,16950000000,16280000000,,225680000000,3320000000.0,134920000.0
10620000000,803640000,-2180000000.0,-966920000,0,-966480000,2230000000,2023-03-31,ESTA.JK,803640000,4030000000,6510000000,252640000000.0,16890000000.0,110350000000.0,98670000000.0,142290000000.0,142270000000.0,27000000000,16890000000,,224930000000,1060000000.0,-6540000000.0
11100000000,1100000000,-2260000000.0,-670880000,0,-670590000,2430000000,2023-06-30,ESTA.JK,1100000000,4420000000,7100000000,285560000000.0,47450000000.0,124330000000.0,113520000000.0,161230000000.0,161210000000.0,42930000000,47450000000,,233370000000,,
12220000000,1600000000,-2630000000.0,-276480000,0,-276630000,2430000000,2023-09-30,ESTA.JK,1600000000,4900000000,5650000000,277820000000.0,37830000000.0,116860000000.0,106530000000.0,160950000000.0,160930000000.0,37930000000,37830000000,,231540000000,,
16570000000,2550000000,-2420000000.0,29730000000,-358870000,29370000000,2430000000,2023-12-31,ESTA.JK,2550000000,5900000000,7920000000,290490000000.0,27570000000.0,100160000000.0,89170000000.0,190330000000.0,190300000000.0,23590000000,27570000000,,261040000000,4250000000.0,3600000000.0
10970000000,347300000,-2780000000.0,-2150000000,0,-2140000000,2430000000,2024-03-31,ESTA.JK,347300000,3580000000,6400000000,308190000000.0,26440000000.0,119930000000.0,109510000000.0,189020000000.0,189000000000.0,41960000000,26440000000,,273959999999,333370000.0,-12720000000.0
11430000000,1020000000,-1200000000.0,-212380000,0,-228690000,2430000000,2024-06-30,ESTA.JK,1020000000,4790000000,6830000000,314200000000.0,27030000000.0,126230000000.0,115090000000.0,187960000000.0,187930000000.0,45340000000,27030000000,,280080000000,2330000000.0,-7240000000.0
4240000000,-4320000000,-506000.0,-4400000000,-23860000,-4430000000,600000000,2022-12-31,PKPK.JK,-4320000000,-3719999999,103430000,71630000000.0,1460000000.0,60980000000.0,24090000000.0,10650000000.0,10650000000.0,38080000000,1460000000,,40070000000,271290000,271290000.0
22680000000,-1839999999,-292000.0,-1839999999,0,-1839999999,600000000,2023-03-31,PKPK.JK,-1839999999,-1230000000,1000000000,79400000000.0,551500000.0,70590000000.0,24090000000.0,8820000000.0,8820000000.0,47690000000,551500000,,39460000000,-903690000,-903690000.0
6250000000,-514650000,-629000.0,-514110000,0,-514110000,600000000,2023-06-30,PKPK.JK,-514650000,91520000,2150000000,76710000000.0,267690000.0,68400000000.0,22090000000.0,8300000000.0,8300000000.0,45340000000,267690000,,38860000000,1720000000,1720000000.0
16520000000,-4160000000,-1020000.0,-3620000000,0,-3620000000,947090000,2023-09-30,PKPK.JK,-4160000000,-3550000000,-21270000,252070000000.0,207740000000.0,8670000000.0,0.0,243400000000.0,243400000000.0,7020000000,207740000000,,38250000000,-9990000000,-9990000000.0
12370000000,-1990000000,-630000.0,-141470000,0,-141470000,1200000000,2023-12-31,PKPK.JK,-1990000000,-1380000000,1950000000,251200000000.0,203190000000.0,7840000000.0,0.0,243360000000.0,243360000000.0,6090000000,203190000000,,38090000000,-5000000000,-5000000000.0
5910000000,-4080000000,-563000.0,-3719999999,0,-3060000000,1200000000,2024-03-31,PKPK.JK,-4080000000,-3460000000,1210000000,295460000000.0,31250000000.0,59140000000.0,51500000000.0,236330000000.0,210570000000.0,57390000000,31250000000,,257410000000,-625140000,-8160000000.0
11440000000,930210000,-621000.0,-13960000000,0,-14410000000,1200000000,2024-06-30,PKPK.JK,930210000,1290000000,2600000000,327000000000.0,30860000000.0,104630000000.0,71500000000.0,222370000000.0,196160000000.0,102880000000,30860000000,,265440000000,-1420000000,-42410000000.0
7630000000,-2100000000,0.0,677300000,-97410000,579890000,666670000,2022-12-31,GPSO.JK,-2100000000,-1030000000,3310000000,61120000000.0,6010000000.0,10920000000.0,0.0,50190000000.0,50190000000.0,6740000000,6010000000,,26210000000,2860000000,-6970000000.0
2719999999,-1450000000,0.0,-1310000000,0,-1310000000,666740000,2023-03-31,GPSO.JK,-1450000000,-552850000,413420000,59490000000.0,5010000000.0,10600000000.0,0.0,48890000000.0,48890000000.0,6420000000,5010000000,,25730000000,-1210000000,-1240000000.0
3860000000,-98540000,0.0,-242740000,0,-242740000,666740000,2023-06-30,GPSO.JK,-98540000,844050000,1240000000,59880000000.0,2910000000.0,11230000000.0,0.0,48650000000.0,48650000000.0,7050000000,2910000000,,25450000000,-2320000000,-2290000000.0
1460000000,-1220000000,0.0,-1310000000,0,-1310000000,666740000,2023-09-30,GPSO.JK,-1220000000,-1220000000,819960000,64950000000.0,916210000.0,17610000000.0,0.0,47340000000.0,47340000000.0,13430000000,916210000,,24540000000,-1330000000,-8950000000.0
8109999999,2930000000,0.0,3430000000,-538770000,2890000000,666740000,2023-12-31,GPSO.JK,2930000000,3270000000,6450000000,62570000000.0,7170000000.0,11420000000.0,0.0,51150000000.0,51150000000.0,7920000000,7170000000,,23140000000,15420000000,16800000000.0
924340000,-1810000000,0.0,-1410000000,0,-1410000000,666740000,2024-03-31,GPSO.JK,-1810000000,-875480000,-541190000,59400000000.0,774100000.0,9660000000.0,0.0,49740000000.0,49740000000.0,6160000000,774100000,,22420000000,-3490000000,
1960000000,-824600000,-293800.0,-1030000000,0,-1030000000,666740000,2024-06-30,GPSO.JK,-824600000,59900000,505890000,59290000000.0,1000000000.0,10570000000.0,0.0,48720000000.0,48720000000.0,6400000000,1000000000,,22080000000,-4340000000,
20530000000,1980000000,-15530000.0,1880000000,-615650000,1210000000,1460000000,2024-03-31,RGAS.JK,1980000000,2630000000,5480000000,90030000000.0,26560000000.0,3320000000.0,0.0,86710000000.0,86630000000.0,2590000000,26570000000,,23270000000,3870000000,3160000000.0
13600000000,1490000000,-14650000.0,1330000000,8400000,1380000000,1460000000,2024-06-30,RGAS.JK,1490000000,2160000000,6990000000,91530000000.0,23350000000.0,3480000000.0,0.0,88050000000.0,87970000000.0,2780000000,23350000000,,26720000000,-3080000000,-7020000000.0
91620000000,2260000000,-11410000000.0,3180000000,-2700000000,489120000,2020000000,2022-12-31,ESTI.JK,2260000000,9610000000,10250000000,750270000000.0,4750000000.0,524360000000.0,287780000000.0,225910000000.0,225910000000.0,327950000000,4880000000,,380110000000,28070000000,24740000000.0
81920000000,9260000000,-5260000000.0,1120000000,-33850000,1090000000,2020000000,2023-03-31,ESTI.JK,9260000000,16300000000,17840000000,732500000000.0,1180000000.0,513830000000.0,285240000000.0,218670000000.0,218660000000.0,323220000000,1300000000,,372610000000,-7050000000,-7470000000.0
83790000000,5460000000,-5600000000.0,2109999999,-3460000,2100000000,2020000000,2023-06-30,ESTI.JK,5460000000,12630000000,13680000000,731270000000.0,3370000000.0,510520000000.0,323190000000.0,220760000000.0,220750000000.0,309960000000,3490000000,,400750000000,15610000000,14590000000.0
83370000000,5120000000,-5430000000.0,2520000000,-8130000,2520000000,2020000000,2023-09-30,ESTI.JK,5120000000,14290000000,13980000000,754410000000.0,1260000000.0,524289999999.0,266700000000.0,230120000000.0,230120000000.0,320090000000,1420000000,,404030000000,86010000,-1300000000.0
91110000000,529570000,-7800000000.0,13480000000,972860000,14450000000,2020000000,2023-12-31,ESTI.JK,529570000,8990000000,14330000000,750060000000.0,1080000000.0,506550000000.0,262810000000.0,243510000000.0,243500000000.0,313220000000,1200000000,,414160000000,63380000000,-5060000000.0
102730000000,4320000000,-5000000000.0,780410000,0,780410000,2020000000,2024-03-31,ESTI.JK,4320000000,13010000000,12910000000,762540000000.0,1310000000.0,511000000000.0,253890000000.0,251540000000.0,251540000000.0,318810000000,1450000000,,419660000000,25610000000,22970000000.0
91450000000,7380000000,-5320000000.0,3030000000,0,3020000000,2020000000,2024-06-30,ESTI.JK,7380000000,16500000000,16850000000,783780000000.0,4820000000.0,520919999999.0,230950000000.0,262860000000.0,262850000000.0,301070000000,4960000000,,423100000000,15540000000,12400000000.0
376450000000,7080000000,-3350000000.0,8580000000,-835340000,8130000000,663690000,2022-12-31,SOSS.JK,7080000000,9920000000,37940000000,345370000000.0,47330000000.0,132539999999.0,81850000000.0,212820000000.0,189780000000.0,127120000000,47330000000,,36560000000,39460000000,32920000000.0
415300000000,13080000000,-2270000000.0,14370000000,-4080000000,8510000000,663690000,2023-03-31,SOSS.JK,13080000000,16010000000,41190000000,408940000000.0,47710000000.0,185830000000.0,98310000000.0,223110000000.0,198280000000.0,179740000000,47710000000,,37520000000,-12590000000,-16480000000.0
464810000000,22690000000,-4730000000.0,20730000000,-5760000000,12060000000,663700000,2023-06-30,SOSS.JK,22690000000,25610000000,52960000000,481850000000.0,68700000000.0,243770000000.0,180350000000.0,238070000000.0,210330000000.0,237470000000,68700000000,,34490000000,-58930000000,-61090000000.0
447250000000,7910000000,-3480000000.0,7980000000,-1780000000,5950000000,767390000,2023-09-30,SOSS.JK,7910000000,10840000000,37930000000,481850000000.0,57330000000.0,202320000000.0,114160000000.0,279530000000.0,251530000000.0,196020000000,57330000000,,37760000000,21570000000,19400000000.0
452990000000,-646610000,-2870000000.0,6110000000,-3020000000,1110000000,799410000,2023-12-31,SOSS.JK,-646610000,2630000000,33040000000,461110000000.0,86170000000.0,166860000000.0,97400000000.0,294260000000.0,264149999999.0,160920000000,86170000000,,42410000000,36770000000,34460000000.0
471990000000,6440000000,-2380000000.0,8550000000,-2870000000,2580000000,799410000,2024-03-31,SOSS.JK,6440000000,9440000000,35970000000,545970000000.0,55820000000.0,246040000000.0,75470000000.0,299930000000.0,266720000000.0,239810000000,55820000000,,47690000000,-2410000000,-8890000000.0
464100000000,4540000000,-3510000000.0,6080000000,-1830000000,3320000000,799410000,2024-06-30,SOSS.JK,4540000000,7550000000,36430000000,613380000000.0,111640000000.0,317200000000.0,186080000000.0,296170000000.0,262040000000.0,309420000000,111640000000,,42090000000,-52910000000,-50120000000.0
117280000000,365440000,-1640000000.0,126510000,-48450000,78060000,1950000000,2022-12-31,CRAB.JK,365440000,2940000000,9980000000,316480000000.0,24140000000.0,137130000000.0,71820000000.0,179350000000.0,179350000000.0,122170000000,24140000000,,63780000000,4970000000,5270000000.0
152890000000,5240000000,-1530000000.0,3860000000,-849020000,3010000000,1950000000,2023-03-31,CRAB.JK,5240000000,7120000000,15010000000,297580000000.0,46810000000.0,115210000000.0,52530000000.0,182370000000.0,182370000000.0,100110000000,46810000000,,62900000000,45330000000,44600000000.0
129100000000,1740000000,-1410000000.0,3390000000,-744050000,2650000000,1950000000,2023-06-30,CRAB.JK,1740000000,3740000000,10250000000,313320000000.0,28080000000.0,128310000000.0,70950000000.0,185010000000.0,185010000000.0,115190000000,28080000000,,63810000000,-35260000000,-38210000000.0
152130000000,6689999999,-1730000000.0,4420000000,-1190000000,3240000000,1950000000,2023-09-30,CRAB.JK,6689999999,8770000000,16320000000,314680000000.0,14220000000.0,128380000000.0,62100000000.0,186300000000.0,186300000000.0,115230000000,14220000000,,61960000000,-2280000000,-2610000000.0
163990000000,14710000000,-1810000000.0,11150000000,-2469999999,8680000000,1950000000,2023-12-31,CRAB.JK,14710000000,16940000000,25680000000,346530000000.0,18460000000.0,152820000000.0,91820000000.0,193710000000.0,193710000000.0,138230000000,18460000000,,62090000000,-23450000000,-24150000000.0
136430000000,1730000000,-2020000000.0,2080000000,-459740000,1620000000,1950000000,2024-03-31,CRAB.JK,1730000000,3700000000,12000000000,343020000000.0,21640000000.0,147690000000.0,90450000000.0,195330000000.0,195330000000.0,133250000000,21640000000,,61350000000,14900000000,13640000000.0
145480000000,9620000000,-1890000000.0,7960000000,-1750000000,6210000000,1950000000,2024-06-30,CRAB.JK,9620000000,11640000000,20730000000,321710000000.0,23800000000.0,120170000000.0,64610000000.0,201540000000.0,201540000000.0,105740000000,23800000000,,60130000000,29320000000,28280000000.0
84940000000,11020000000,-1870000000.0,10050000000,-1540000000,8510000000,3060000000.0,2022-09-30,PDPP.JK,11020000000,15540000000,15760000000,,,,,,,,,,,5850000000,4030000000.0
79240000000,3130000000,-1730000000.0,2770000000,-1120000000,1640000000,,2022-12-31,PDPP.JK,3130000000,7420000000,10830000000,453710000000.0,3480000000.0,95990000000.0,60290000000.0,357720000000.0,357720000000.0,56540000000.0,73480000000.0,,227280000000.0,16300000000,3160000000.0
108270000000,6960000000,-1280000000.0,7450000000,-1569999999,5880000000,3060000000.0,2023-03-31,PDPP.JK,6960000000,11410000000,14550000000,493340000000.0,3250000000.0,129419999999.0,73900000000.0,363920000000.0,363920000000.0,92710000000.0,64060000000.0,,243560000000.0,-2390000000,-22670000000.0
105590000000,13590000000,-1460000000.0,12090000000,-2930000000,9160000000,763240000.0,2023-06-30,PDPP.JK,13590000000,18310000000,20310000000,489030000000.0,21970000000.0,122750000000.0,68160000000.0,366280000000.0,366280000000.0,89730000000.0,71970000000.0,,243900000000.0,18720000000,13830000000.0
107480000000,11540000000,-1589999999.0,10520000000,-2170000000,8350000000,3060000000.0,2023-09-30,PDPP.JK,11540000000,16410000000,19040000000,503310000000.0,5280000000.0,128270000000.0,96830000000.0,375050000000.0,375050000000.0,87410000000.0,55280000000.0,,270339999999.0,-7120000000,-38740000000.0
118560000000,14690000000,-1569999999.0,13470000000,-2870000000,10600000000,3060000000.0,2023-12-31,PDPP.JK,14690000000,19690000000,21660000000,465660000000.0,9360000000.0,79970000000.0,46470000000.0,385690000000.0,385690000000.0,42740000000.0,59360000000.0,,269579999999.0,58900000000,55890000000.0
127840000000,11740000000,-1110000000.0,10620000000,-2370000000,8250000000,3060000000.0,2024-03-31,PDPP.JK,11740000000,18520000000,20540000000,482350000000.0,33479999999.0,88240000000.0,50020000000.0,394110000000.0,394110000000.0,53440000000.0,53480000000.0,,272050000000.0,-310350000,-8630000000.0
541740000000,8600000000,-782450000.0,7710000000,-1700000000,6010000000,1680000000,2023-03-31,PEVE.JK,8600000000,10100000000.0,67760000000,725490000000.0,3810000000.0,522840000000.0,54230000000.0,202650000000.0,202650000000.0,486080000000,3810000000,,27930000000,-48550000000,-49140000000.0
589760000000,10980000000,-1110000000.0,9830000000,-1950000000,7880000000,1720000000,2023-06-30,PEVE.JK,10980000000,13490000000.0,67250000000,847530000000.0,9470000000.0,637010000000.0,75050000000.0,210530000000.0,210530000000.0,599700000000,9470000000,,28920000000,-8680000000,-12840000000.0
665970000000,14240000000,-1220000000.0,13480000000,-2969999999,10520000000,1740000000,2023-09-30,PEVE.JK,14240000000,,79780000000,897570000000.0,8039999999.0,676530000000.0,74590000000.0,221040000000.0,221040000000.0,638710000000,8039999999,,29550000000,-191150000,-680820000.0
687200000000,15200000000,-1230000000.0,15850000000,-4080000000,11770000000,1770000000,2023-12-31,PEVE.JK,15200000000,19880000000.0,78990000000,906740000000.0,4490000000.0,674530000000.0,77910000000.0,232210000000.0,232210000000.0,637120000000,4490000000,,30780000000,-3690000000,-6870000000.0
714490000000,15140000000,-1500000000.0,13630000000,-3000000000,10640000000,1770000000,2024-03-31,PEVE.JK,15140000000,16960000000.0,84080000000,1010000000000.0,4090000000.0,770260000000.0,93740000000.0,242580000000.0,242580000000.0,727010000000,4090000000,,29350000000,-14280000000,-16370000000.0
710760000000,11770000000,-1589999999.0,10040000000,-2210000000,7830000000,1770000000,2024-06-30,PEVE.JK,11770000000,13700000000.0,82180000000,1050000000000.0,4230000000.0,800860000000.0,99190000000.0,250410000000.0,250410000000.0,756610000000,4230000000,,32890000000,-4580000000,-5500000000.0
384320000,-545630000,-228370.0,-545710000,0,-545710000,6390000000,2022-06-30,FUTR.JK,-545630000,-541210000,213690000,,,,,,,,,,,-2930000000,-2930000000.0
16410000000,10300000000,-97880000.0,10240000000,-2260000000,7980000000,6390000000,2022-09-30,FUTR.JK,10300000000,10460000000,11340000000,,,,,,,,,,,11470000000,-36280000000.0
12490000000,2300000000,-4110000.0,2300000000,0,2300000000,6390000000,2023-03-31,FUTR.JK,2300000000,5910000000,5270000000,206050000000.0,561260000.0,25980000000.0,1120000000.0,180060000000.0,180060000000.0,23850000000.0,561260000.0,,51740000000.0,-117430000000,-127990000000.0
45080000000,2690000000,-3500000.0,2690000000,0,2690000000,6390000000,2023-06-30,FUTR.JK,2690000000,6120000000,5670000000,205740000000.0,1720000000.0,22990000000.0,842090000.0,182750000000.0,182750000000.0,19380000000.0,1720000000.0,,48360000000.0,-22140000,-76620000.0
46500000000,8050000000,-2740000.0,8050000000,-3120000000,4930000000,6390000000,2023-09-30,FUTR.JK,8050000000,11750000000,10850000000,204910000000.0,10190000000.0,17220000000.0,842090000.0,187680000000.0,187680000000.0,12760000000.0,10190000000.0,,44670000000.0,7570000000,7570000000.0
36660000000,-12170000000,-81450000.0,-12250000000,2860000000,-9400000000,6390000000,2023-12-31,FUTR.JK,-12170000000,-8630000000,-7960000000,189970000000.0,10220000000.0,12050000000.0,842090000.0,177920000000.0,177920000000.0,10980000000.0,10220000000.0,,40830000000.0,-3450000,-27450000.0
29320000000,232860000,-115950000.0,553730000,-204300000,349460000,6390000000,2024-03-31,FUTR.JK,232860000,3850000000,2230000000,187050000000.0,19040000000.0,8780000000.0,842090000.0,178270000000.0,178270000000.0,7710000000.0,19040000000.0,,29130000000.0,927940000,927940000.0
144830000000,14960000000,-1300000000.0,13970000000,-3010000000,9330000000,,H2 '21-12-31,PPGL.JK,14960000000,,31410000000,162980000000.0,3660000000.0,38510000000.0,9180000000.0,124480000000.0,50700000000.0,33280000000,3660000000,,69120000000,,
95840000000,10530000000,-1190000000.0,10070000000,-1730000000,5280000000,771180000.0,H1 '24-12-31,PPGL.JK,10530000000,17390000000.0,22760000000,234870000000.0,12480000000.0,86750000000.0,35620000000.0,148120000000.0,81090000000.0,68250000000,17480000000,,133960000000,,
51190000000,8240000000,-1720000000.0,6650000000,-1880000000,4770000000,1290000000,2022-12-31,KUAS.JK,8240000000,9380000000,15520000000,269540000000.0,33830000000.0,120390000000.0,99770000000.0,149150000000.0,149150000000.0,89530000000,33830000000,,105840000000,-9840000000,-7970000000.0
29510000000,3430000000,-1680000000.0,1589999999,-447620000,1150000000,1290000000,2023-03-31,KUAS.JK,3430000000,4540000000,8680000000,263730000000.0,37350000000.0,113430000000.0,96800000000.0,150300000000.0,150300000000.0,84480000000,37350000000,,104800000000,4820000000,4790000000.0
46190000000,3900000000,-1700000000.0,2240000000,-581360000,1660000000,1290000000,2023-06-30,KUAS.JK,3900000000,5230000000,11630000000,270700000000.0,36810000000.0,120810000000.0,104050000000.0,149890000000.0,149890000000.0,91370000000,36810000000,,105280000000,-4650000000,-6380000000.0
31760000000,2320000000,-1410000000.0,1180000000,-348080000,833540000,1290000000,2023-09-30,KUAS.JK,2320000000,3440000000,7990000000,232080000000.0,6990000000.0,81360000000.0,65319999999.0,150720000000.0,150720000000.0,53520000000,6990000000,,104310000000,10450000000,10380000000.0
54190000000,8680000000,-1160000000.0,7530000000,-1660000000,5870000000,1290000000,2023-12-31,KUAS.JK,8680000000,9920000000,17370000000,264360000000.0,24810000000.0,107900000000.0,87680000000.0,156450000000.0,156450000000.0,80410000000,24810000000,,105600000000,-3950000000,-3350000000.0
33560000000,3380000000,-1460000000.0,1900000000,-470740000,1430000000,1290000000,2024-03-31,KUAS.JK,3380000000,4510000000,9290000000,270290000000.0,39970000000.0,112400000000.0,95720000000.0,157890000000.0,157890000000.0,84900000000,39970000000,,104730000000,7880000000,7450000000.0
48960000000,3719999999,-1960000000.0,1970000000,-269700000,1700000000,1290000000,2024-06-30,KUAS.JK,3719999999,4870000000,11230000000,274860000000.0,35170000000.0,118510000000.0,101910000000.0,156350000000.0,156350000000.0,90500000000,35170000000,,103740000000,-7310000000,-7140000000.0
52710000000,6350000000,-1540000000.0,2040000000,-2870000000,-2850000000,797810000,2022-12-31,PNSE.JK,6350000000,11870000000,26500000000,372690000000.0,15900000000.0,195790000000.0,90370000000.0,176900000000.0,118020000000.0,89270000000,15940000000,,326850000000,9330000000,4250000000.0
36420000000,-1850000000,-1470000000.0,-4050000000,0,-4110000000,797810000,2023-03-31,PNSE.JK,-1850000000,1480000000,15000000000,368180000000.0,13340000000.0,194410000000.0,87930000000.0,173770000000.0,117030000000.0,91950000000,13380000000,,325510000000,595590000,-689160000.0
50540000000,-1670000000,-1600000000.0,-5820000000,0,-5510000000,797810000,2023-06-30,PNSE.JK,-1670000000,1380000000,22310000000,360410000000.0,28640000000.0,193270000000.0,86890000000.0,167140000000.0,108380000000.0,95300000000,28680000000,,302350000000,-4710000000,-5830000000.0
63100000000,13480000000,-1510000000.0,11040000000,-52800000,3210000000,797810000,2023-09-30,PNSE.JK,13480000000,17070000000,35050000000,360930000000.0,25520000000.0,182960000000.0,82360000000.0,177980000000.0,113540000000.0,85270000000,25550000000,,305090000000,2080000000,2080000000.0
71560000000,25530000000,-1640000000.0,26490000000,-2450000000,18710000000,797810000,2023-12-31,PNSE.JK,25530000000,29050000000,47220000000,368220000000.0,31540000000.0,167810000000.0,73130000000.0,200410000000.0,129169999999.0,84510000000,31540000000,,302470000000,14450000000,1880000000.0
41220000000,-2920000000,-1290000000.0,-3150000000,-43340000,-3620000000,797810000,2024-03-31,PNSE.JK,-2920000000,200340000,16879999999,354820000000.0,19610000000.0,159150000000.0,68569999999.0,195670000000.0,124830000000.0,82320000000,19610000000,,300690000000,-1970000000,-7950000000.0
58120000000,9170000000,-1280000000.0,7500000000,-43340000,5530000000,797810000,2024-06-30,PNSE.JK,9170000000,12420000000,31100000000,363670000000.0,25830000000.0,167870000000.0,63940000000.0,195810000000.0,126980000000.0,95980000000,25830000000,,300700000000,9120000000,11440000000.0
239710000000,40280000000,-615230000.0,40380000000,-2730000000,37630000000,2630000000,2022-12-31,HAIS.JK,40280000000,48810000000,71740000000,653440000000.0,182880000000.0,114410000000.0,19530000000.0,539030000000.0,537039999999.0,85140000000,182880000000,,396220000000,73590000000,17630000000.0
230380000000,52780000000,-570380000.0,53290000000,-2860000000,50440000000,2630000000,2023-03-31,HAIS.JK,52780000000,63470000000,65250000000,684620000000.0,146860000000.0,95160000000.0,17910000000.0,589460000000.0,587490000000.0,65890000000,146860000000,,450000000000,30010000000,-29530000000.0
222830000000,39830000000,-532830000.0,39810000000,-2800000000,37010000000,2630000000,2023-06-30,HAIS.JK,39830000000,50880000000,61370000000,695040000000.0,150860000000.0,103290000000.0,16290000000.0,591750000000.0,589770000000.0,74520000000,150860000000,,440000000000,41510000000,40400000000.0
227710000000,33320000000,-2240000000.0,35180000000,-3650000000,31470000000,2630000000,2023-09-30,HAIS.JK,33320000000,47790000000,62610000000,882860000000.0,164250000000.0,259579999999.0,160320000000.0,623280000000.0,621240000000.0,103700000000,164250000000,,596900000000,40700000000,-113850000000.0
260980000000,47080000000,-3570000000.0,41810000000,-3260000000,38480000000,2630000000,2023-12-31,HAIS.JK,47080000000,66170000000,65970000000,914490000000.0,148150000000.0,248350000000.0,151810000000.0,666140000000.0,664040000000.0,120360000000,148150000000,,621870000000,34480000000,65160000000.0
243380000000,35030000000,-3390000000.0,33140000000,-3440000000,29580000000,2630000000,2024-03-31,HAIS.JK,35030000000,53640000000,56290000000,950780000000.0,154260000000.0,254930000000.0,144030000000.0,695840000000.0,693620000000.0,135810000000,154260000000,,625410000000,39380000000,16260000000.0
229600000000,31110000000,-3070000000.0,30020000000,-3330000000,26750000000,2630000000,2024-06-30,HAIS.JK,31110000000,51800000000,50930000000,969940000000.0,144150000000.0,299870000000.0,200010000000.0,670070000000.0,667900000000.0,131340000000,144150000000,,678200000000,59880000000,4280000000.0
105630000000,30230000000,,31820000000,-6490000000,25330000000,5720000000,2022-12-31,HALO.JK,30230000000,,30230000000,303650000000.0,3730000000.0,260680000000.0,61850000000.0,42970000000.0,42970000000.0,200220000000,3730000000,,154000000000,-31320000000,-34840000000.0
60770000000,4770000000,-31090000.0,5939999999,-1810000000,4139999999,5650000000,2023-03-31,HALO.JK,4770000000,6980000000.0,10410000000,349100000000.0,40620000000.0,191070000000.0,61850000000.0,158040000000.0,158040000000.0,143840000000,40620000000,,138160000000,-64379999999,
59320000000,5410000000,-183390000.0,5520000000,-827380000,4700000000,5650000000,2023-06-30,HALO.JK,5410000000,7740000000.0,9600000000,333960000000.0,24950000000.0,171230000000.0,38560000000.0,162730000000.0,162730000000.0,110770000000,24950000000,,135660000000,-9470000000,
59070000000,11610000000,-88990000.0,12140000000,-2670000000,9470000000,5650000000,2023-09-30,HALO.JK,11610000000,14080000000.0,15780000000,329280000000.0,14510000000.0,157070000000.0,28320000000.0,172210000000.0,172210000000.0,96610000000,14510000000,,140180000000,439680000,-2840000000.0
51920000000,-2540000000,-15010000.0,-1650000000,342480000,-1300000000,5650000000,2023-12-31,HALO.JK,-2540000000,-2740000.0,13540000000,262269999999.0,6540000000.0,92590000000.0,16879999999.0,169680000000.0,169680000000.0,55030000000,6540000000,,136710000000,2089999999,4090000000.0
30570000000,528570000,-12140000.0,516610000,-158340000,358270000,5530000000,2024-03-31,HALO.JK,528570000,3000000000.0,4200000000,251210000000.0,14690000000.0,81180000000.0,7180000000.0,170040000000.0,170040000000.0,43620000000,14690000000,,134500000000,18170000000,17850000000.0
37580000000,8920000000,0.0,9010000000,-8240000000,776180000,5650000000,2024-06-30,HALO.JK,8920000000,11370000000.0,12160000000,246950000000.0,16870000000.0,76140000000.0,0.0,170820000000.0,170820000000.0,38580000000,16870000000,,132930000000,10870000000,9950000000.0
27920000000,6460000000,-610900000.0,8199999999,0,4000000000,1310000000,2022-09-30,CSIS.JK,6460000000,6710000000,10100000000,540659999999.0,11380000000.0,238240000000.0,14010000000.0,302420000000.0,153520000000.0,219070000000.0,11380000000.0,,94710000000.0,6950000000,3630000000.0
21710000000,4610000000,-515340000.0,11250000000,-3070000000,5330000000,1310000000,2022-12-31,CSIS.JK,4610000000,5140000000,8630000000,546669999999.0,14170000000.0,236220000000.0,13080000000.0,310450000000.0,158700000000.0,219190000000.0,14170000000.0,,122390000000.0,-21040000000,-6680000000.0
9390000000,783870000,-489080000.0,2510000000,-184120000,1040000000,1310000000,2023-03-31,CSIS.JK,783870000,1020000000,4059999999,559440000000.0,9940000000.0,246670000000.0,21330000000.0,312770000000.0,159740000000.0,224270000000.0,9940000000.0,,122610000000.0,-5450000000,-8320000000.0
10060000000,-207830000,-611600000.0,-123950000,184120000,-345390000,1310000000,2023-06-30,CSIS.JK,-207830000,25230000,3530000000,565390000000.0,6780000000.0,252560000000.0,20800000000.0,312830000000.0,159390000000.0,229440000000.0,6780000000.0,,121980000000.0,-5720000000,-9080000000.0
11990000000,796170000,-612580000.0,1420000000,-750290000,240600000,1310000000,2023-09-30,CSIS.JK,796170000,1060000000,5090000000,571820000000.0,14980000000.0,258320000000.0,26890000000.0,313500000000.0,159630000000.0,230300000000.0,14980000000.0,,122450000000.0,10240000000,14320000000.0
24550000000,76450000,-584470000.0,1930000000,423630000,365300000,1310000000,2023-12-31,CSIS.JK,76450000,619290000,7980000000,548710000000.0,6650000000.0,232670000000.0,24130000000.0,316040000000.0,160190000000.0,209810000000.0,6650000000.0,,124360000000.0,4600000000,4010000000.0
8539999999,-852140000,-591160000.0,-568440000,-155040000,-267250000,1310000000,2024-03-31,CSIS.JK,-852140000,-478080000,3370000000,,,,,,,,,,,1680000000,1520000000.0
44040000000,9900000000,-223190000.0,9590000000,-2740000000,6689999999,3330000000,2022-12-31,TRON.JK,9900000000,12080000000,10610000000,85740000000.0,5890000000.0,23250000000.0,5100000000.0,62490000000.0,62490000000.0,21160000000,5890000000,,31880000000,,
54350000000,9560000000,-559500000.0,9020000000,0,9020000000,2380000000,2023-03-31,TRON.JK,9560000000,11810000000,17390000000,246550000000.0,73210000000.0,40040000000.0,14950000000.0,206510000000.0,206510000000.0,34220000000,73210000000,,35860000000,-66129999999.0,-73340000000.0
59750000000,12460000000,-1330000000.0,11370000000,0,11370000000,2950000000,2023-06-30,TRON.JK,12460000000,14650000000,16899999999,240350000000.0,37570000000.0,27620000000.0,10690000000.0,212730000000.0,212730000000.0,15910000000,37570000000,,28470000000,-28070000000.0,-28870000000.0
30820000000,-3320000000,,-2610000000,0,-2610000000,2950000000,2023-09-30,TRON.JK,-3320000000,-638530000,2069999999,254090000000.0,4670000000.0,43970000000.0,29560000000.0,210120000000.0,210120000000.0,13500000000,4670000000,,42660000000,56750000000.0,-10240000000.0
42570000000,6150000000,-840620000.0,5910000000,-5600000000,303750000,2950000000,2023-12-31,TRON.JK,6150000000,9460000000,9140000000,247160000000.0,41290000000.0,35990000000.0,23020000000.0,211170000000.0,211170000000.0,14960000000,41290000000,,101050000000,3490000000.0,35010000000.0
30740000000,2770000000,-843430000.0,2290000000,0,2290000000,2950000000,2024-03-31,TRON.JK,2770000000,5380000000,8430000000,263970000000.0,38410000000.0,50520000000.0,35440000000.0,213440000000.0,213440000000.0,17340000000,38410000000,,96500000000,,
33030000000,3220000000,-982410000.0,2370000000,0,2370000000,2950000000,2024-06-30,TRON.JK,3220000000,5840000000,6960000000,273120000000.0,41040000000.0,57280000000.0,36410000000.0,215830000000.0,215830000000.0,39020000000,41040000000,,102560000000,,
40540000000,3380000000,,14650000000,-427840000,14220000000,720000000,2022-12-31,BTON.JK,3380000000,3640000000,6140000000,344550000000.0,477600000.0,106350000000.0,0.0,238210000000.0,238210000000.0,101910000000,268329999999,,41290000000,3850000000,3760000000.0
36420000000,2140000000,0.0,-6130000000,-56550000,-6180000000,720000000,2023-03-31,BTON.JK,2140000000,2390000000,4620000000,340280000000.0,371180000.0,108120000000.0,0.0,232160000000.0,232160000000.0,103890000000,256829999999,,42650000000,-103770000,-105490000.0
32610000000,-61920000,0.0,3230000000,337380000,3570000000,720000000,2023-06-30,BTON.JK,-61920000,194920000,3180000000,346550000000.0,1720000000.0,110690000000.0,0.0,235860000000.0,235860000000.0,106520000000,257459999999,,44420000000,1359999999,1350000000.0
36280000000,2990000000,0.0,14610000000,-3040000000,11570000000,720000000,2023-09-30,BTON.JK,2990000000,3250000000,4590000000,357400000000.0,558220000.0,109840000000.0,0.0,247560000000.0,247560000000.0,104080000000,264810000000,,44130000000,-1110000000,-1170000000.0
34229999999,2000000000,0.0,7290000000,1290000000,8580000000,720000000,2023-12-31,BTON.JK,2000000000,2260000000,4530000000,361610000000.0,872900000.0,104370000000.0,0.0,257240000000.0,257240000000.0,101750000000,278230000000,,44660000000,15660000000,15500000000.0
26110000000,-382420000,0.0,12470000000,815190000,13290000000,720000000,2024-03-31,BTON.JK,-382420000,-204060000,3050000000,380240000000.0,657760000.0,109340000000.0,0.0,270899999999.0,270899999999.0,107790000000,289690000000,,46620000000,180180000,-217220000.0
31600000000,1340000000,0.0,15580000000,494610000,16070000000,720000000,2024-06-30,BTON.JK,1340000000,1520000000,2870000000,403620000000.0,380170000.0,116260000000.0,0.0,287360000000.0,287360000000.0,115220000000,303570000000,,46120000000,-173480000,-277380000.0
1500000000,-2610000000,,-2500000000,0,-2440000000,681790000,2022-12-31,ASPI.JK,-2610000000,-2550000000,,91090000000.0,5470000000.0,21010000000.0,13880000000.0,70080000000.0,62580000000.0,,5470000000,,,462110000,235110000.0
4040000000,109370000,,153520000,0,214910000,681790000,2023-03-31,ASPI.JK,109370000,166180000,,89340000000.0,2680000000.0,18850000000.0,16809999999.0,70490000000.0,63060000000.0,,2680000000,,,-6010000000,-6010000000.0
1580000000,-751660000,,-741700000,0,-658780000,681800000,2023-06-30,ASPI.JK,-751660000,-728470000,,92990000000.0,1680000000.0,23230000000.0,20920000000.0,69750000000.0,62400000000.0,,1680000000,,,-4939999999,-5070000000.0
1500000000,-594990000,,-586710000,0,-503080000,681790000,2023-09-30,ASPI.JK,-594990000,-571400000,,95650000000.0,1340000000.0,26490000000.0,22170000000.0,69170000000.0,61900000000.0,,1340000000,,,-1569999999,-1589999999.0
1280000000,-1250000000,,-1290000000,0,-1170000000,683810000,2023-12-31,ASPI.JK,-1250000000,-1220000000,,95560000000.0,2810000000.0,24700000000.0,18100000000.0,70860000000.0,60710000000.0,,2810000000,,,2530000000,2530000000.0
909890000,-1370000000,,-1340000000,0,-1320000000,683480000,2024-03-31,ASPI.JK,-1370000000,-1350000000,,100570000000.0,1020000000.0,31050000000.0,22610000000.0,69520000000.0,59390000000.0,,1020000000,,,-6290000000,-6290000000.0
24230000000,1930000000,,1970000000,0,1359999999,683810000,2024-06-30,ASPI.JK,1930000000,1960000000,,96440000000.0,3420000000.0,24950000000.0,20420000000.0,71490000000.0,60760000000.0,,3420000000,,,7590000000,7530000000.0
50390000000,1340000000,-1680000000.0,27300000,18480000,426320000,1060000000,2022-09-30,TMPO.JK,1340000000,2700000000,19320000000,390250000000.0,8050000000.0,199150000000.0,78380000000.0,191090000000.0,185400000000.0,124270000000,8050000000,,202290000000,-7100000000,-7220000000.0
59650000000,-2080000000,-1970000000.0,-3820000000,1609999999,-2550000000,1060000000,2022-12-31,TMPO.JK,-2080000000,774810000,21000000000,380160000000.0,7410000000.0,189430000000.0,68590000000.0,190730000000.0,184690000000.0,118880000000,7410000000,,203390000000,14070000000,13940000000.0
53210000000,56080000,-1760000000.0,-1910000000,335710000,-1620000000,1060000000,2023-03-31,TMPO.JK,56080000,1410000000,18650000000,388660000000.0,5150000000.0,199510000000.0,73900000000.0,189150000000.0,183080000000.0,133789999999,5150000000,,202060000000,-8529999999,-8650000000.0
44320000000,-589710000,-2080000000.0,2109999999,750460000,2590000000,1060000000,2023-06-30,TMPO.JK,-589710000,755800000,14680000000,403760000000.0,6630000000.0,211750000000.0,73740000000.0,192020000000.0,185670000000.0,134320000000,6630000000,,204380000000,-8029999999,-7939999999.0
47190000000,2300000000,-2250000000.0,-95590000,-172930000,-184220000,1060000000,2023-09-30,TMPO.JK,2300000000,3640000000,19230000000,403880000000.0,4300000000.0,212130000000.0,72710000000.0,191750000000.0,185480000000.0,142400000000,4300000000,,200190000000,-1660000000,-1870000000.0
72050000000,6170000000,-1910000000.0,-980600000,1200000000,115910000,1060000000,2023-12-31,TMPO.JK,6170000000,8990000000,27230000000,421210000000.0,8250000000.0,211630000000.0,59470000000.0,209570000000.0,198710000000.0,144450000000,8250000000,,205780000000,16730000000,16649999999.0
83250000000,-2150000000,-1520000000.0,-3880000000,941330000,-2800000000,1060000000,2024-03-31,TMPO.JK,-2150000000,-815980000,14540000000,422880000000.0,15510000000.0,216250000000.0,65510000000.0,206630000000.0,195920000000.0,150770000000,15510000000,,205330000000,1859999999,1850000000.0
22230000000,120900000,,-103810000,-92170000,-195820000,421640000,2022-12-31,TNCA.JK,120900000,1450000000,4600000000,53950000000.0,1870000000.0,10660000000.0,793570000.0,43290000000.0,43290000000.0,8970000000,1870000000,,29570000000,-1670000000,-1680000000.0
18340000000,2960000000,,2730000000,-210060000,2520000000,421640000,2023-03-31,TNCA.JK,2960000000,3210000000,6320000000,54800000000.0,2640000000.0,8990000000.0,701090000.0,45810000000.0,45810000000.0,7320000000,2640000000,,29240000000,764780000,764780000.0
13970000000,-957360000,,-581790000,-299000000,-880080000,421640000,2023-06-30,TNCA.JK,-957360000,-604840000,3280000000,52080000000.0,3340000000.0,6960000000.0,547560000.0,45120000000.0,45120000000.0,5310000000,3340000000,,29300000000,697950000,697950000.0
21790000000,849100000,,719760000,-166150000,552570000,421640000,2023-09-30,TNCA.JK,849100000,1270000000,4370000000,60210000000.0,1190000000.0,10480000000.0,488160000.0,49730000000.0,49720000000.0,8870000000,1190000000,,29140000000,-2140000000,-2140000000.0
13820000000,-1100000000,-325100000.0,-1990000000,228220000,-1750000000,421640000,2023-12-31,TNCA.JK,-1100000000,163580000,81510000,53080000000.0,3180000000.0,9530000000.0,1310000000.0,43550000000.0,43550000000.0,8350000000,3180000000,,29960000000,3780000000,3780000000.0
16700000000,1370000000,-31740000.0,1270000000,-211890000,1060000000,421640000,2024-03-31,TNCA.JK,1370000000,1569999999,4860000000,53490000000.0,2560000000.0,8920000000.0,1180000000.0,44570000000.0,44570000000.0,7750000000,2560000000,,29800000000,-499150000,-499150000.0
19170000000,-330820000,,-151340000,-119090000,-270360000,421640000,2024-06-30,TNCA.JK,-330820000,-75320000,4350000000,50930000000.0,1609999999.0,6590000000.0,531740000.0,44340000000.0,44340000000.0,5120000000,1609999999,,29070000000,-421240000,-428960000.0
29840000000,1320000000,-851470000.0,1620000000,596230000,2190000000,1080000000,2022-12-31,JAST.JK,1320000000,3850000000,9630000000,131500000000.0,8710000000.0,54780000000.0,30240000000.0,76720000000.0,68580000000.0,49310000000,8710000000,,90540000000,-2670000000,-11060000000.0
33119999999,-925640000,-1280000000.0,-2200000000,0,4720000000,813630000,2023-03-31,JAST.JK,-925640000,1110000000,7820000000,129520000000.0,8170000000.0,53610000000.0,31170000000.0,75910000000.0,67580000000.0,48100000000,8170000000,,90040000000,-1569999999,-2490000000.0
46560000000,5550000000,-783960000.0,-8650000000,-162410000,-15290000000,813630000,2023-06-30,JAST.JK,5550000000,5950000000,6800000000,123890000000.0,7700000000.0,53960000000.0,31530000000.0,69930000000.0,60740000000.0,48150000000,7700000000,,92000000000,-71450000,-958190000.0
14310000000,-1340000000,-328010000.0,7650000000,162410000,5520000000,859370000,2023-09-30,JAST.JK,-1340000000,-60600000,9430000000,137740000000.0,13040000000.0,48970000000.0,28190000000.0,88770000000.0,78820000000.0,45010000000,13040000000,,92500000000,5689999999,1980000000.0
37030000000,551760000,-854950000.0,4790000000,-418630000,3980000000,1080000000,2023-12-31,JAST.JK,551760000,6080000000,10310000000,141740000000.0,12290000000.0,50330000000.0,29520000000.0,91410000000.0,80250000000.0,44650000000,12290000000,,94060000000,7760000000,5730000000.0
36280000000,1060000000,-764860000.0,1420000000,0,531130000,1080000000,2024-03-31,JAST.JK,1060000000,2740000000,11410000000,147240000000.0,13010000000.0,54300000000.0,29570000000.0,92940000000.0,79970000000.0,48610000000,13010000000,,95770000000,5140000000,2550000000.0
32759999999,-1280000000,-883600000.0,-1160000000,0,-1640000000,1080000000,2024-06-30,JAST.JK,-1280000000,431860000,707330000,145800000000.0,17030000000.0,54340000000.0,29200000000.0,91460000000.0,76520000000.0,48650000000,17030000000,,93520000000,4920000000,4520000000.0
84400000000,755400000,-156260000.0,2930000000,-868000000,1960000000,207660000,2022-12-31,INCI.JK,755400000,2130000000,11250000000,496010000000.0,89820000000.0,79040000000.0,2600000000.0,416970000000.0,415210000000.0,71970000000,89820000000,,223440000000,805020000,791920000.0
92720000000,2950000000,-55000000.0,740390000,-86700000,655240000,207660000,2023-03-31,INCI.JK,2950000000,4330000000,13770000000,477500000000.0,81250000000.0,59320000000.0,1920000000.0,418180000000.0,416420000000.0,52250000000,81250000000,,221910000000,-7900000000,-8140000000.0
83710000000,1720000000,-41290000.0,2009999999,-354320000,1660000000,207660000,2023-06-30,INCI.JK,1720000000,3090000000,13010000000,470460000000.0,92120000000.0,50060000000.0,1240000000.0,420400000000.0,418640000000.0,42990000000,92120000000,,220930000000,10570000000,10540000000.0
102380000000,13520000000,-67380000.0,16030000000,-3400000000,12630000000,207660000,2023-09-30,INCI.JK,13520000000,14880000000,24950000000,489830000000.0,126880000000.0,56240000000.0,608160000.0,433590000000.0,431820000000.0,49170000000,126880000000,,220950000000,35220000000,35190000000.0
99310000000,2840000000,-143390000.0,3890000000,-1330000000,2560000000,207660000,2023-12-31,INCI.JK,2840000000,4200000000,20120000000,492570000000.0,127170000000.0,55970000000.0,2430000000.0,436600000000.0,434840000000.0,47780000000,127170000000,,222980000000,2069999999,1750000000.0
79750000000,2600000000,-11940000.0,5240000000,-1040000000,4200000000,207660000,2024-03-31,INCI.JK,2600000000,3950000000,15900000000,484000000000.0,128380000000.0,42630000000.0,1819999999.0,441360000000.0,439600000000.0,34450000000,128380000000,,221910000000,1830000000,1730000000.0
87150000000,5830000000,-16810000.0,9150000000,-1810000000,7330000000,207660000,2024-06-30,INCI.JK,5830000000,7210000000,17760000000,507830000000.0,149490000000.0,58570000000.0,1220000000.0,449260000000.0,447490000000.0,50390000000,149490000000,,223170000000,23770000000,22620000000.0
139270000000,22960000000,-5860000000.0,-12450000000,-5560000000,-20520000000,1440000000,2022-09-30,PSDN.JK,22960000000,26580000000,41730000000,699670000000.0,39850000000.0,677240000000.0,446660000000.0,22430000000.0,-62180000000.0,222440000000,39850000000,,485350000000,20010000000.0,18240000000.0
114480000000,-17230000000,-6550000000.0,-21670000000,21500000000,-9200000000,1440000000,2022-12-31,PSDN.JK,-17230000000,-12380000000,30020000000,705620000000.0,27150000000.0,666500000000.0,469520000000.0,39120000000.0,-62700000000.0,431500000000,27150000000,,483570000000,-34700000000.0,-40030000000.0
102550000000,8130000000,-7370000000.0,21410000000,-4840000000,11270000000,1440000000,2023-03-31,PSDN.JK,8130000000,15310000000,29530000000,707360000000.0,24980000000.0,651670000000.0,446740000000.0,55690000000.0,-51430000000.0,400440000000,24980000000,,495260000000,3070000000.0,1220000000.0
100190000000,-5670000000,-7310000000.0,-12030000000,-406590000,-12880000000,1440000000,2023-06-30,PSDN.JK,-5670000000,113920000,17410000000,695090000000.0,18010000000.0,651840000000.0,427780000000.0,43250000000.0,-64310000000.0,398920000000,18010000000,,484960000000,0.0,0.0
259130000000,13950000000,-7270000000.0,-2990000000,-7150000000,-17970000000,1440000000,2023-12-31,PSDN.JK,13950000000,16309999999,62330000000,151970000000.0,3670000000.0,85890000000.0,0.0,66080000000.0,66080000000.0,78820000000,3670000000,,134690000000,,
1400000000,-6360000000,-4420000.0,-5070000000,0,-5070000000,1440000000,2024-03-31,PSDN.JK,-6360000000,-5880000000,143710000,147030000000.0,3240000000.0,86020000000.0,0.0,61010000000.0,61010000000.0,22480000000,3240000000,,134050000000,-2900000000.0,-2900000000.0
18430000000,-5010000000,0.0,-2880000000,0,-2880000000,1440000000,2024-06-30,PSDN.JK,-5010000000,-2900000000,2310000000,149970000000.0,2540000000.0,91840000000.0,0.0,58130000000.0,58130000000.0,71860000000,2540000000,,128169999999,-4290000000.0,-4290000000.0
25880000000,2520000000,-1070000000.0,1450000000,-290300000,1160000000,1540000000,H1 '23-12-31,PACK.JK,2520000000,3820000000,7570000000,79530000000.0,6580000000.0,25930000000.0,11640000000.0,53600000000.0,53600000000.0,19050000000,6580000000,,36160000000,-32369999999,-35550000000.0
27050000000,2540000000,-1130000000.0,1460000000,-324060000,1130000000,1540000000,H2 '23-12-31,PACK.JK,2540000000,4200000000,6910000000,77130000000.0,6520000000.0,22400000000.0,9600000000.0,54730000000.0,54730000000.0,19030000000,6520000000,,41940000000,5600000000,6190000000.0
29550000000,2210000000,-641010000.0,1640000000,-348340000,1290000000,1540000000,H1 '24-12-31,PACK.JK,2210000000,3930000000,6939999999,79590000000.0,5130000000.0,23540000000.0,7200000000.0,56050000000.0,56050000000.0,21420000000,5130000000,,42100000000,2890000000,2810000000.0
48080000000,4190000000,-15840000.0,8640000000,-1660000000,6980000000,425000000,2022-12-31,LPIN.JK,4190000000,4420000000,10710000000,337440000000.0,13630000000.0,32680000000.0,0.0,304760000000.0,296960000000.0,25510000000,13630000000,,205090000000,-3590000000,-3760000000.0
31780000000,3890000000,-6670000.0,9240000000,-844390000,8400000000,425000000,2023-03-31,LPIN.JK,3890000000,4120000000,9140000000,347200000000.0,16030000000.0,34720000000.0,84590000.0,312480000000.0,304680000000.0,26540000000,16030000000,,211470000000,1220000000,867570000.0
33159999999,3560000000,-5840000.0,5510000000,-863270000,4650000000,425000000,2023-06-30,LPIN.JK,3560000000,3790000000,9420000000,335930000000.0,5460000000.0,25530000000.0,192570000.0,310390000000.0,302600000000.0,16739999999,5460000000,,213040000000,-4290000000,-4350000000.0
35370000000,4810000000,-4980000.0,6060000000,-1470000000,4590000000,425000000,2023-09-30,LPIN.JK,4810000000,5030000000,10210000000,336520000000.0,20300000000.0,21260000000.0,160710000.0,315250000000.0,307460000000.0,12690000000,20300000000,,207270000000,11200000000,11200000000.0
37110000000,4490000000,-4400000.0,8270000000,-6939999999,1330000000,425000000,2023-12-31,LPIN.JK,4490000000,4710000000,11580000000,340620000000.0,35390000000.0,22950000000.0,128270000.0,317660000000.0,309870000000.0,15680000000,35390000000,,205650000000,20350000000,20330000000.0
31000000000,3350000000,-2900000.0,8890000000,-770180000,8119999999,425000000,2024-03-31,LPIN.JK,3350000000,3550000000,9030000000,347740000000.0,38770000000.0,22190000000.0,94330000.0,325550000000.0,317750000000.0,14290000000,38770000000,,210780000000,3480000000,3450000000.0
42610000000,6210000000,-2270000.0,10590000000,-1420000000,9180000000,425000000,2024-06-30,LPIN.JK,6210000000,6430000000,11360000000,342170000000.0,41900000000.0,17990000000.0,59760000.0,324180000000.0,316380000000.0,10020000000,41900000000,,208320000000,14950000000,13780000000.0
234010000,-806150000,-23020000.0,-829120000,0,-829120000,1250000000.0,2022-09-30,RONY.JK,-806150000,,65000000,37680000000.0,11440000.0,5460000000.0,1859999999.0,32220000000.0,32220000000.0,2460000000,11440000,,20640000000,25020000,
725780000,-728990000,-22840000.0,-27310000000,-313140000,-27620000000,,2022-12-31,RONY.JK,-728990000,,-728990000,8090000000.0,44900000.0,3510000000.0,1710000000.0,4580000000.0,4580000000.0,3100000000,44900000,,2930000000,2020000000,
0,-442110000,-18230000.0,-474130000,0,-474130000,1250000000.0,2023-03-31,RONY.JK,-442110000,-102860000.0,-339250000,5900000000.0,198610000.0,1800000000.0,1730000000.0,4099999999.0,4099999999.0,1390000000,198610000,,2590000000,153710000,
1839999999,597520000,-17580000.0,580030000,0,580030000,1250000000.0,2023-06-30,RONY.JK,597520000,936770000.0,764140000,7290000000.0,65800000.0,2610000000.0,1750000000.0,4680000000.0,4680000000.0,2260000000,65800000,,2250000000,-132800000,
1240000000,45320000,-17630000.0,27740000,0,27740000,1250000000.0,2023-09-30,RONY.JK,45320000,384570000.0,379970000,7810000000.0,57480000.0,3100000000.0,1760000000.0,4710000000.0,4710000000.0,2750000000,57480000,,1910000000,-8320000,
1810000000,91430000,,98560000,-129430000,-30870000,1250000000.0,2023-12-31,RONY.JK,91430000,158680000.0,349950000,8750000000.0,6730000.0,4019999999.0,1750000000.0,4730000000.0,4730000000.0,3990000000,6730000,,1839999999,-737800000,
521919999,27850000,-199500.0,27690000,0,27690000,1250000000.0,2024-03-31,RONY.JK,27850000,216970000.0,122230000,8300000000.0,64640000.0,3540000000.0,1750000000.0,4760000000.0,4760000000.0,3510000000,64640000,,1650000000,57910000,
53430000000.0,-18790000000.0,-10260000000.0,-26760000000.0,-840140000.0,-26850000000.0,3220000000.0,2022-06-30,HKMU.JK,-18790000000.0,-13090000000.0,4300000000.0,676400000000.0,4840000000.0,493200000000.0,275110000000.0,183200000000.0,176290000000.0,301540000000.0,4840000000.0,,327590000000.0,-829260000.0,2740000000.0
53720000000.0,-6990000000.0,-17870000000.0,-27140000000.0,5750000000.0,-21090000000.0,3220000000.0,2022-09-30,HKMU.JK,-6990000000.0,-2080000000.0,8189999999.0,657750000000.0,17240000000.0,496590000000.0,348840000000.0,161160000000.0,154570000000.0,295180000000.0,17240000000.0,,318950000000.0,-6020000000.0,-6770000000.0
4210000000.0,-5500000000.0,-25330000000.0,-123080000000.0,29910000000.0,-91490000000.0,3220000000.0,2023-03-31,HKMU.JK,-5500000000.0,-622740000.0,-3900000000.0,397710000000.0,1580000000.0,467590000000.0,261860000000.0,-69880000000.0,-69320000000.0,282530000000.0,1580000000.0,,366090000000.0,-15510000000.0,-15530000000.0
,,,,,,,2023-06-30,HKMU.JK,,,,,,,,,,,,,,,
,,,,,,,2023-09-30,HKMU.JK,,,,,,,,,,,,,,,
,,,,,,,2023-12-31,HKMU.JK,,,,,,,,,,,,,,,
,,,,,,,2024-03-31,HKMU.JK,,,,,,,,,,,,,,,
434550000000,307050000000,-1940000000.0,297820000000,-10050000000,287770000000,659120000,2022-12-31,PUDP.JK,307050000000,316580000000.0,327260000000,651370000000.0,213580000000.0,70130000000.0,2350000000.0,581240000000.0,581130000000.0,63180000000,213620000000,,266630000000,106470000000,118610000000.0
8750000000,-3480000000,-56160000.0,-2140000000,-255000000,-2390000000,659120000,2023-03-31,PUDP.JK,-3480000000,-1950000000.0,3960000000,601520000000.0,154360000000.0,22680000000.0,2350000000.0,578850000000.0,578740000000.0,15720000000,154400000000,,265670000000,-58230000000,-59660000000.0
8790000000,-3400000000,-42760000.0,1300000000,-252790000,1050000000,659120000,2023-06-30,PUDP.JK,-3400000000,-1940000000.0,4920000000,536080000000.0,87180000000.0,22100000000.0,2230000000.0,513990000000.0,513880000000.0,14860000000,87220000000,,267250000000,-82780000,-1740000000.0
8330000000,-7190000000,-49040000.0,-3500000000,-272070000,-3770000000,659120000,2023-09-30,PUDP.JK,-7190000000,-5720000000.0,3800000000,530120000000.0,81060000000.0,19900000000.0,2120000000.0,510210000000.0,510100000000.0,12810000000,81100000000,,288110000000,-4050000000,-6290000000.0
11760000000,-555040000,-83980000.0,4460000000,1010000000,5480000000,659120000,2023-12-31,PUDP.JK,-555040000,,5110000000,532350000000.0,6760000000.0,15730000000.0,2020000000.0,516630000000.0,516520000000.0,10380000000,74380000000,,286700000000,-5070000000,-2880000000.0
7590000000,-3950000000,-59430000.0,-3950000000,-208760000,-4160000000,659120000,2024-03-31,PUDP.JK,-3950000000,-2860000000.0,3760000000,528820000000.0,7300000000.0,16350000000.0,1930000000.0,512470000000.0,512360000000.0,11000000000,74210000000,,285770000000,814520000,262560000.0
11640000000,-2510000000,-145460000.0,5950000000,-336210000,5620000000,659120000,2024-06-30,PUDP.JK,-2510000000,-1540000000.0,6980000000,541179999999.0,8400000000.0,26390000000.0,10760000000.0,514789999999.0,514679999999.0,21050000000,74780000000,,287770000000,-3270000000,-3690000000.0
21500000000,-2700000000,-2160000000.0,-4850000000,901980000,-3950000000,6030000000,2022-12-31,PURA.JK,-2700000000,6590000000,-1569999999,538470000000.0,14310000000.0,70380000000.0,69010000000.0,468090000000.0,468090000000.0,59880000000,14310000000,,443630000000,6160000000,-12840000000.0
55000000000,8640000000,-2270000000.0,6370000000,-1230000000,5140000000,6300000000,2023-03-31,PURA.JK,8640000000,17700000000,10900000000,568890000000.0,4530000000.0,69720000000.0,68019999999.0,499170000000.0,499170000000.0,60140000000,4530000000,,470910000000,1770000000,-34730000000.0
54240000000,5850000000,-2210000000.0,3640000000,-690640000,2950000000,6300000000,2023-06-30,PURA.JK,5850000000,14800000000,8470000000,576710000000.0,12070000000.0,74600000000.0,72320000000.0,502110000000.0,502110000000.0,65980000000,12070000000,,461950000000,3240000000,3240000000.0
39000000000,2190000000,-3710000000.0,-1520000000,292550000,-1230000000,6300000000,2023-09-30,PURA.JK,2190000000,11230000000,2260000000,579050000000.0,6689999999.0,78170000000.0,76650000000.0,500880000000.0,500880000000.0,70530000000,6689999999,,452810000000,-9710000000,-9710000000.0
44860000000,-2089999999,-1060000000.0,-3150000000,490280000,-2660000000,6300000000,2023-12-31,PURA.JK,-2089999999,8320000000,142640000,579890000000.0,4099999999.0,81650000000.0,80630000000.0,498230000000.0,498230000000.0,75330000000,4099999999,,464340000000,15430000000,-6570000000.0
73250000000,5410000000,-2850000000.0,2560000000,-486780000,2069999999,6300000000,2024-03-31,PURA.JK,5410000000,14590000000,7730000000,587540000000.0,4660000000.0,87240000000.0,83940000000.0,500300000000.0,500300000000.0,78460000000,4660000000,,458050000000,243970000,-2750000000.0
78920000000,6880000000,-4280000000.0,2600000000,-494410000,2109999999,6300000000,2024-06-30,PURA.JK,6880000000,16530000000,8990000000,600700000000.0,15120000000.0,98290000000.0,94610000000.0,502410000000.0,502410000000.0,89790000000,15120000000,,449400000000,790040000,-209960000.0
39960000000,3440000000,-26970000.0,1910000000,-455730000,1370000000,1160000000,2022-12-31,BOBA.JK,3440000000,4550000000,10890000000,164090000000.0,6710000000.0,25730000000.0,830430000.0,138360000000.0,138360000000.0,24700000000,6710000000,,113990000000,4360000000,822550000.0
30380000000,912390000,-20540000.0,2120000000,-426970000,1660000000,1160000000,2023-03-31,BOBA.JK,912390000,2160000000,6450000000,162590000000.0,6580000000.0,22570000000.0,735130000.0,140010000000.0,140010000000.0,21630000000,6580000000,,115710000000,2960000000,-849790000.0
31750000000,1690000000,-17670000.0,2100000000,-493700000,1580000000,1160000000,2023-06-30,BOBA.JK,1690000000,3110000000,7100000000,161710000000.0,8560000000.0,22420000000.0,652950000.0,139280000000.0,139280000000.0,21560000000,8560000000,,116090000000,6210000000,5190000000.0
44130000000,7610000000,-18000000.0,8180000000,-1550000000,6580000000,1160000000,2023-09-30,BOBA.JK,7610000000,9120000000,12990000000,171560000000.0,8000000000.0,25700000000.0,569200000.0,145860000000.0,145860000000.0,24920000000,8000000000,,117030000000,2060000000,-561750000.0
47530000000,9120000000,-16480000.0,6760000000,-1640000000,5140000000,1160000000,2023-12-31,BOBA.JK,9120000000,10720000000,15060000000,175630000000.0,6920000000.0,24570000000.0,483850000.0,151050000000.0,151050000000.0,23530000000,6920000000,,117180000000,2960000000,1310000000.0
42110000000,4070000000,-12260000.0,4040000000,-807910000,3230000000,1160000000,2024-03-31,BOBA.JK,4070000000,5820000000,11740000000,180820000000.0,13210000000.0,26540000000.0,396850000.0,154280000000.0,154280000000.0,25570000000,13210000000,,116250000000,7210000000,6380000000.0
41620000000,5730000000,-17590000.0,5190000000,-1300000000,3880000000,1160000000,2024-06-30,BOBA.JK,5730000000,7530000000,12780000000,172790000000.0,10330000000.0,22720000000.0,418330000.0,150070000000.0,150070000000.0,21740000000,10330000000,,117010000000,5450000000,3030000000.0
13080000000,4019999999,-227540000.0,3850000000,-845070000,3000000000,3200000000,2022-12-31,BEER.JK,4019999999,4810000000.0,7110000000,71110000000.0,1680000000.0,21940000000.0,9550000000.0,49170000000.0,49170000000.0,20590000000,1680000000,,8310000000,-2570000000,-2700000000.0
10870000000,4450000000,-123060000.0,4450000000,-970270000,3480000000,4000000000,2023-03-31,BEER.JK,4450000000,4910000000.0,7880000000,239790000000.0,50910000000.0,14610000000.0,1710000000.0,225180000000.0,225180000000.0,13550000000,50910000000,,9160000000,-114440000000,-118180000000.0
14510000000,6920000000,-149110000.0,6910000000,-1750000000,5170000000,4000000000,2023-06-30,BEER.JK,6920000000,7420000000.0,8470000000,239710000000.0,38040000000.0,9340000000.0,1700000000.0,230370000000.0,230370000000.0,7900000000,38040000000,,8740000000,-7110000000,-7180000000.0
15650000000,649100000,,1180000000,141010000,1320000000,4000000000,2023-09-30,BEER.JK,649100000,,7560000000,238630000000.0,32820000000.0,11830000000.0,2180000000.0,226800000000.0,226800000000.0,10940000000,32820000000,,9480000000,-5200000000,-12800000000.0
18730000000,8550000000,-197400000.0,8700000000,-2350000000,6350000000,4000000000,2023-12-31,BEER.JK,8550000000,9350000000.0,10280000000,248130000000.0,30790000000.0,14990000000.0,9880000000.0,233140000000.0,233140000000.0,13740000000,30790000000,,12240000000,-4260000000,1650000000.0
4320000000,128580000,-251430000.0,107370000,-25440000,81930000,4000000000,2024-03-31,BEER.JK,128580000,488580000.0,2400000000,247680000000.0,25570000000.0,14450000000.0,8820000000.0,233230000000.0,233230000000.0,13190000000,25570000000,,10170000000,-2460000000,-2510000000.0
7370000000,154690000,-212340000.0,164960000,-36290000,128669999,4000000000,2024-06-30,BEER.JK,154690000,1060000000.0,3550000000,250110000000.0,20530000000.0,16760000000.0,9030000000.0,233360000000.0,233360000000.0,15490000000,20530000000,,9070000000,2140000000,1770000000.0
11790000000,3440000000,,3330000000,-468340000,2860000000,1280000000,2022-12-31,GOLD.JK,3440000000,5960000000,,400970000000.0,77790000000.0,32549999999.0,1880000000.0,368430000000.0,368420000000.0,,77790000000,,,5280000000,-9160000000.0
12120000000,4780000000,,5200000000,-317060000,4890000000,1280000000,2023-03-31,GOLD.JK,4780000000,7650000000,,404320000000.0,70620000000.0,32920000000.0,1920000000.0,371400000000.0,371400000000.0,,70620000000,,,5000000000,-7170000000.0
11900000000,4410000000,,4680000000,43770000,4720000000,1280000000,2023-06-30,GOLD.JK,4410000000,7180000000,,415810000000.0,69590000000.0,39060000000.0,1920000000.0,376750000000.0,376750000000.0,,69590000000,,,10530000000,715580000.0
11790000000,3940000000,,4059999999,-490740000,3570000000,1280000000,2023-09-30,GOLD.JK,3940000000,7430000000,,417640000000.0,59310000000.0,37260000000.0,1960000000.0,380390000000.0,380380000000.0,,59310000000,,,8580000000,-6770000000.0
11920000000,2250000000,,3540000000,-526700000,3020000000,1280000000,2023-12-31,GOLD.JK,2250000000,6330000000,,411990000000.0,48430000000.0,37660000000.0,1960000000.0,374330000000.0,374330000000.0,,48430000000,,,5410000000,-10700000000.0
12340000000,5180000000,,5100000000,-200170000,4900000000,1280000000,2024-03-31,GOLD.JK,5180000000,8600000000,,419370000000.0,38950000000.0,40140000000.0,2109999999.0,379230000000.0,379230000000.0,,38950000000,,,2350000000,-9230000000.0
12890000000,4850000000,,4860000000,-125790000,4730000000,1280000000,2024-06-30,GOLD.JK,4850000000,8750000000,,422160000000.0,41630000000.0,37840000000.0,2109999999.0,384320000000.0,384320000000.0,,41630000000,,,10040000000,2830000000.0
6340000000,204970000,-255880000.0,409240000,-80990000,328250000,1050000000,H1 '21-12-31,LUCY.JK,204970000,845930000,3940000000,46850000000.0,23930000000.0,8119999999.0,5000000000.0,38730000000.0,38730000000.0,3930000000,23930000000,,8610000000,-9050000000,-9170000000.0
8100000000,-557380000,-218680000.0,134360000,-204480000,-70130000,1050000000,H2 '21-12-31,LUCY.JK,-557380000,1130000000,3520000000,53570000000.0,22280000000.0,14920000000.0,9630000000.0,38660000000.0,38660000000.0,7860000000,22280000000,,18740000000,4670000000,-7810000000.0
21510000000,3910000000,-476970000.0,4260000000,-969170000,3290000000,1050000000,H1 '22-12-31,LUCY.JK,3910000000,6210000000,12170000000,61530000000.0,21140000000.0,19580000000.0,7820000000.0,41950000000.0,41950000000.0,10960000000,21140000000,,17640000000,6240000000,5230000000.0
44630000000,1340000000,-439160000.0,3310000000,-893640000,2420000000,1070000000,H2 '22-12-31,LUCY.JK,1340000000,4170000000,21670000000,85750000000.0,16070000000.0,38390000000.0,21160000000.0,47370000000.0,47370000000.0,21230000000,16070000000,,34750000000,-5860000000,-18500000000.0
42000000000,-1050000000,-757300000.0,2469999999,-682000000,1790000000,1080000000,H1 '23-12-31,LUCY.JK,-1050000000,3000000000,20840000000,94160000000.0,2780000000.0,49260000000.0,34270000000.0,44900000000.0,44900000000.0,21550000000,2780000000,,41240000000,-10100000000,-17850000000.0
58890000000,-5689999999,-2049999999.0,-1270000000,55100000,-1220000000,1090000000,H2 '23-12-31,LUCY.JK,-5689999999,948100000,27520000000,105970000000.0,6100000000.0,60870000000.0,45740000000.0,45100000000.0,45100000000.0,24930000000,6100000000,,68580000000,25160000000,-3600000000.0
39210000000,-8460000000,-78400000.0,-6950000000,0,-6950000000,1510000000,H1 '24-12-31,LUCY.JK,-8460000000,926050000,16860000000,159100000000.0,22750000000.0,61480000000.0,41400000000.0,98400000000.0,98400000000.0,47990000000,22750000000,,108470000000,-26450000000,-41950000000.0
157540000000,-1630000000,-10080000000.0,-34550000000,6950000000,-27600000000,1810000000,2022-12-31,INOV.JK,-1630000000,6650000000,25770000000,999570000000.0,93680000000.0,706410000000.0,576560000000.0,293160000000.0,293160000000.0,593910000000,93680000000,,562560000000,34790000000,-33750000000.0
145200000000,3340000000,-10360000000.0,19340000000,-4380000000,14950000000,1810000000,2023-03-31,INOV.JK,3340000000,11700000000,27330000000,1020000000000.0,92660000000.0,709570000000.0,594430000000.0,308110000000.0,308110000000.0,614110000000,104710000000,,560450000000,-28480000000,-33080000000.0
157400000000,-312980000,-12450000000.0,-11070000000,2980000000,-8090000000,1810000000,2023-06-30,INOV.JK,-312980000,8860000000,22040000000,984870000000.0,79690000000.0,684840000000.0,579080000000.0,300030000000.0,300030000000.0,600230000000,91710000000,,555740000000,59220000,367110000.0
161810000000,7150000000,-14590000000.0,-26930000000,4850000000,-22080000000,1810000000,2023-09-30,INOV.JK,7150000000,16460000000,31190000000,1030000000000.0,142160000000.0,754260000000.0,652100000000.0,277940000000.0,277940000000.0,682610000000,154580000000,,549130000000,40850000000,11920000000.0
135800000000,-5360000000,-14680000000.0,-15730000000,3390000000,-12340000000,1810000000,2023-12-31,INOV.JK,-5360000000,4080000000,20510000000,998130000000.0,128940000000.0,733310000000.0,632530000000.0,264810000000.0,264810000000.0,674130000000,128940000000,,548590000000,-3230000000,-12140000000.0
151640000000,752340000,-13520000000.0,-24070000000,5910000000,-18160000000,1810000000,2024-03-31,INOV.JK,752340000,10270000000,22070000000,988070000000.0,106860000000.0,741420000000.0,646130000000.0,246650000000.0,246650000000.0,691660000000,106860000000,,552120000000,-13330000000,-20440000000.0
154970000000,3690000000,-14190000000.0,-15750000000,3810000000,-11940000000,1810000000,2024-06-30,INOV.JK,3690000000,13610000000,24780000000,979190000000.0,93140000000.0,744480000000.0,646380000000.0,234710000000.0,234710000000.0,709220000000,106280000000,,543360000000,9280000000,5070000000.0
7400000000,2020000000,-951370000.0,207110000,0,208230000,7180000000,2022-12-31,DADA.JK,2020000000,,4750000000.0,660430000000.0,6870000000.0,315880000000.0,102410000000.0,344550000000.0,343850000000.0,252020000000,6870000000,,130870000000,-3210000000,-9230000000.0
2820000000,-1100000000,-3110000000.0,-3900000000,0,-3650000000,7180000000,2023-03-31,DADA.JK,-1100000000,197680000.0,988320000.0,840910000000.0,11860000000.0,500270000000.0,114500000000.0,340640000000.0,340200000000.0,436410000000,11860000000,,114920000000,50500000000,45460000000.0
19780000000,8260000000,-3710000000.0,4550000000,0,4300000000,7430000000,2023-06-30,DADA.JK,8260000000,,14350000000.0,679560000000.0,8660000000.0,329270000000.0,101770000000.0,350300000000.0,349600000000.0,234420000000,8660000000,,452450000000,-46510000000,-47870000000.0
60840000,-1170000000,-1190000000.0,238810000,0,192720000,7180000000,2023-09-30,DADA.JK,-1170000000,-1170000000.0,,660730000000.0,7220000000.0,310200000000.0,97250000000.0,350540000000.0,349790000000.0,235950000000,7220000000,,450920000000,6080000000,6080000000.0
928520000,-296650000,,361070000,0,403950000,7180000000,2023-12-31,DADA.JK,-296650000,170510000.0,395960000.0,647570000000.0,5689999999.0,296670000000.0,98420000000.0,350900000000.0,350220000000.0,243540000000,5689999999,,500440000000,-15550000000,-18970000000.0
3440000000,553880000,-339260000.0,246890000,0,243620000,7430000000,2024-03-31,DADA.JK,553880000,761100000.0,2390000000.0,655800000000.0,7840000000.0,304650000000.0,98750000000.0,351150000000.0,350460000000.0,251520000000,7840000000,,487510000000,8490000000,2150000000.0
381140000,-589060000,,-175230000,0,-174470000,7430000000,2024-06-30,DADA.JK,-589060000,-3310000.0,-297400000.0,667850000000.0,8890000000.0,316880000000.0,98420000000.0,350980000000.0,350290000000.0,263750000000,8890000000,,498480000000,12380000000,1050000000.0
647450000000,58650000000,-5910000000.0,49580000000,-12210000000,36990000000,,2022-12-31,AXIO.JK,58650000000,65000000000,90880000000,1090000000000.0,98590000000.0,593510000000.0,215340000000.0,497250000000.0,479540000000.0,554610000000,104590000000,,372930000000,78460000000,76090000000.0
145590000000,4570000000,-4700000000.0,9540000000,-1460000000,7470000000,5840000000.0,2023-03-31,AXIO.JK,4570000000,10900000000,20720000000,1050000000000.0,65530000000.0,542840000000.0,229140000000.0,504610000000.0,486270000000.0,503900000000,71530000000,,382800000000,-43280000000,-46280000000.0
273640000000,28250000000,-5110000000.0,30920000000,-5820000000,24500000000,5840000000.0,2023-06-30,AXIO.JK,28250000000,34400000000,52160000000,1080000000000.0,70830000000.0,549780000000.0,153870000000.0,528970000000.0,510040000000.0,516669999999,76830000000,,371670000000,82910000000,81990000000.0
419770000000,68269999999,-2760000000.0,72070000000,-15780000000,55560000000,5840000000.0,2023-09-30,AXIO.JK,68269999999,74120000000,93790000000,992390000000.0,60500000000.0,442440000000.0,105100000000.0,549950000000.0,530299999999.0,410770000000,66500000000,,378460000000,88510000000,78610000000.0
433200000000,50420000000,-2660000000.0,49720000000,-12150000000,37380000000,5840000000.0,2023-12-31,AXIO.JK,50420000000,56550000000,72590000000,939760000000.0,59210000000.0,405950000000.0,77750000000.0,533809999999.0,513980000000.0,373880000000,65209999999,,276700000000,121910000000,117690000000.0
201110000000,8770000000,-1790000000.0,7380000000,-835270000,5330000000,5840000000.0,2024-03-31,AXIO.JK,8770000000,14760000000,29470000000,883460000000.0,28740000000.0,343810000000.0,129259999999.0,539650000000.0,518600000000.0,316500000000,34740000000,,255990000000,-78120000000,-81980000000.0
233300000000,13360000000,-3900000000.0,5030000000,-976750000,3830000000,5840000000.0,2024-06-30,AXIO.JK,13360000000,19700000000,40300000000,959840000000.0,32990000000.0,416620000000.0,155760000000.0,543220000000.0,521940000000.0,374010000000,38990000000,,251290000000,-6880000000,-22620000000.0
40110000000,11930000000,-5020000000.0,3360000000,-590260000,2770000000,757580000,2022-09-30,MFMI.JK,11930000000,20760000000,21480000000,357380000000.0,107310000000.0,229180000000.0,201000000000.0,128199999999.0,128199999999.0,39400000000,112210000000,,227320000000,17270000000,13280000000.0
40890000000,12600000000,-4800000000.0,8920000000,-1800000000,7120000000,757580000,2022-12-31,MFMI.JK,12600000000,22050000000,20960000000,363420000000.0,115410000000.0,241670000000.0,197990000000.0,121750000000.0,121750000000.0,55610000000,118370000000,,231220000000,27640000000,22030000000.0
38990000000,10580000000,-4860000000.0,6550000000,-1330000000,5220000000,757580000,2023-03-31,MFMI.JK,10580000000,20550000000,20260000000,353810000000.0,106660000000.0,226840000000.0,194570000000.0,126970000000.0,126970000000.0,44590000000,109500000000,,226540000000,3660000000,-5140000000.0
40810000000,9820000000,-4689999999.0,5510000000,-1160000000,4350000000,757580000,2023-06-30,MFMI.JK,9820000000,19500000000,20190000000,352390000000.0,107090000000.0,241530000000.0,191020000000.0,110860000000.0,110860000000.0,63190000000,111950000000,,217340000000,10620000000,6010000000.0
44420000000,13240000000,-4689999999.0,9570000000,-1880000000,7680000000,757580000,2023-09-30,MFMI.JK,13240000000,22690000000,22870000000,332430000000.0,94650000000.0,213890000000.0,187370000000.0,118540000000.0,118540000000.0,39590000000,99590000000,,208770000000,16410000000,11610000000.0
46090000000,16360000000,-4710000000.0,13500000000,-2610000000,10900000000,757580000,2023-12-31,MFMI.JK,16360000000,27320000000,25390000000,354410000000.0,119620000000.0,225210000000.0,185120000000.0,129199999999.0,129199999999.0,53180000000,124660000000,,213010000000,34440000000,28580000000.0
41660000000,9850000000,-4350000000.0,7790000000,-1430000000,6360000000,757580000,2024-03-31,MFMI.JK,9850000000,19720000000,20730000000,347220000000.0,113260000000.0,211660000000.0,180930000000.0,135560000000.0,135560000000.0,44160000000,118240000000,,205740000000,4880000000,-2109999999.0
15560000000,-314800000,-445220000.0,-738380000,-215660000,-954030000,1110000000,2022-12-31,ESIP.JK,-314800000,155690000,531880000,98500000000.0,2100000000.0,3220000000.0,1609999999.0,95280000000.0,95280000000.0,2290000000,2100000000,,63030000000,7230000000,2160000000.0
14570000000,199880000,-60680000.0,144190000,-86180,144110000,1110000000,2023-03-31,ESIP.JK,199880000,577080000,811780000,97890000000.0,853780000.0,2469999999.0,1260000000.0,95430000000.0,95430000000.0,1750000000,853780000,,62680000000,-865240000,-878810000.0
13950000000,189500000,-52100000.0,139020000,-43200000,95820000,1110000000,2023-06-30,ESIP.JK,189500000,603350000,865160000,97430000000.0,1130000000.0,1900000000.0,771230000.0,95520000000.0,95520000000.0,1370000000,1130000000,,62340000000,843340000,775870000.0
15860000000,334340000,-40210000.0,416170000,-46850000,369320000,1110000000,2023-09-30,ESIP.JK,334340000,769770000,1120000000,97600000000.0,1910000000.0,1710000000.0,487010000.0,95890000000.0,95890000000.0,1250000000,1910000000,,62420000000,1580000000,1040000000.0
17700000000,473940000,-39180000.0,315370000,-47100000,268279999,1110000000,2023-12-31,ESIP.JK,473940000,936760000,944890000,100610000000.0,3570000000.0,4300000000.0,1440000000.0,96320000000.0,96320000000.0,3440000000,3570000000,,63260000000,1990000000,1140000000.0
14250000000,317710000,-39920000.0,287870000,-34000000,253870000,1110000000,2024-03-31,ESIP.JK,317710000,785670000,876980000,99220000000.0,1280000000.0,2650000000.0,1240000000.0,96570000000.0,96570000000.0,1520000000,1280000000,,62810000000,-2069999999,-2089999999.0
15330000000,328870000,-33430000.0,300790000,-30010000,270780000,1110000000,2024-06-30,ESIP.JK,328870000,792850000,1050000000,99940000000.0,1760000000.0,3100000000.0,956670000.0,96840000000.0,96840000000.0,2440000000,1760000000,,62610000000,1020000000,762380000.0
23340000000,6250000000,-1130000000.0,1150000000,-328500000,816930000,608180000,2022-12-31,BIMA.JK,6250000000,6400000000,9690000000,310460000000.0,1720000000.0,223900000000.0,117600000000.0,86570000000.0,86570000000.0,82950000000,1720000000,,251850000000,-7990000000,-7960000000.0
15600000000,-2670000000,-818440000.0,2150000000,-472660000,1680000000,608180000,2023-03-31,BIMA.JK,-2670000000,-2560000000,5180000000,311840000000.0,1340000000.0,223720000000.0,112190000000.0,88120000000.0,88120000000.0,86230000000,1340000000,,251510000000,-4360000000,-4480000000.0
23200000000,1110000000,-931750000.0,740750000,-161910000,578850000,608180000,2023-06-30,BIMA.JK,1110000000,1220000000,9430000000,323970000000.0,2300000000.0,235400000000.0,39930000000.0,88570000000.0,88570000000.0,97110000000,2300000000,,250950000000,-4600000000,-4700000000.0
33710000000,-306690000,-874170000.0,-5360000000,1180000000,-4179999999,608180000,2023-09-30,BIMA.JK,-306690000,-195610000,10660000000,310680000000.0,2420000000.0,226420000000.0,113990000000.0,84260000000.0,84260000000.0,83710000000,2420000000,,252110000000,7130000000,7000000000.0
18890000000,-3450000000,-881300000.0,-3450000000,759500000,-2690000000,608180000,2023-12-31,BIMA.JK,-3450000000,-3340000000,4320000000,312990000000.0,557850000.0,233250000000.0,112410000000.0,79750000000.0,79750000000.0,113260000000,557850000,,253180000000,61120000,14030000.0
15000000000,-4720000000,-1000000000.0,-9590000000,2100000000,-7490000000,608180000,2024-03-31,BIMA.JK,-4720000000,-4640000000,2910000000,320770000000.0,1960000000.0,248600000000.0,116230000000.0,72170000000.0,72170000000.0,124460000000,1960000000,,256149999999,-4290000000,-4400000000.0
25140000000,1380000000,-1100000000.0,-4620000000,854800000,-3770000000,608180000,2024-06-30,BIMA.JK,1380000000,1450000000,10230000000,329190000000.0,448770000.0,260880000000.0,39910000000.0,68319999999.0,68319999999.0,132850000000,448770000,,257010000000,-1450000000,-1690000000.0
9130000000.0,852540000.0,-122450000.0,1150000000.0,-288430000.0,865300000.0,665000000.0,2022-09-30,KAYU.JK,852540000.0,989230000.0,1370000000.0,109450000000.0,474290000.0,29460000000.0,7720000000.0,79990000000.0,79990000000.0,28050000000.0,474290000.0,,9820000000.0,1380000000.0,1380000000.0
3000000000.0,-327990000.0,-296130000.0,583470000.0,-200410000.0,383060000.0,665000000.0,2022-12-31,KAYU.JK,-327990000.0,-169400000.0,-47230000.0,104580000000.0,325570000.0,24260000000.0,7910000000.0,80320000000.0,80320000000.0,22570000000.0,325570000.0,,9660000000.0,-583280000.0,-583280000.0
1970000000.0,-622790000.0,-4160000.0,11050000.0,-2210000.0,8840000.0,665000000.0,2023-03-31,KAYU.JK,-622790000.0,-482190000.0,-300190000.0,104710000000.0,343410000.0,24370000000.0,7910000000.0,80330000000.0,80330000000.0,22680000000.0,343410000.0,,9480000000.0,117840000.0,117840000.0
1460000000.0,-538640000.0,-6650000.0,48920000.0,-9780000.0,39140000.0,665000000.0,2023-06-30,KAYU.JK,-538640000.0,-399340000.0,-62200000.0,100890000000.0,366350000.0,20510000000.0,7910000000.0,80370000000.0,80370000000.0,18820000000.0,366350000.0,,9300000000.0,-288210000.0,-288210000.0
1910000000.0,-367990000.0,-5170000.0,802240000.0,-200560000.0,601680000.0,665000000.0,2023-09-30,KAYU.JK,-367990000.0,-232200000.0,143700000.0,100070000000.0,379180000.0,19100000000.0,7910000000.0,80970000000.0,80970000000.0,17410000000.0,379180000.0,,9130000000.0,-87170000.0,-87170000.0
,,,,,,,2023-12-31,KAYU.JK,,,,,,,,,,,,,,,
,,,,,,,2024-03-31,KAYU.JK,,,,,,,,,,,,,,,
149870000000,585830000,-6740000000.0,-4760000000,-4580000000,-9220000000,6250000000,2022-12-31,COAL.JK,585830000,26070000000,29860000000,603170000000.0,48360000000.0,313920000000.0,183360000000.0,289250000000.0,286730000000.0,274720000000,98360000000,,271790000000,120490000000,31530000000.0
186360000000,15710000000,-3680000000.0,10510000000,-2220000000,8220000000,6250000000,2023-03-31,COAL.JK,15710000000,25170000000,19570000000,634760000000.0,28570000000.0,337210000000.0,173760000000.0,297540000000.0,294950000000.0,299580000000,78570000000,,263459999999,-16590000000,-17720000000.0
228480000000,45470000000,-3510000000.0,41980000000,-9190000000,32509999999,6250000000,2023-06-30,COAL.JK,45470000000,54460000000,48130000000,705090000000.0,22760000000.0,374760000000.0,161690000000.0,330340000000.0,327460000000.0,339940000000,72760000000,,265790000000,8359999999,-3700000000.0
108310000000,2860000000,-3560000000.0,334970000,1380000000,1700000000,6250000000,2023-09-30,COAL.JK,2860000000,12560000000,11630000000,717060000000.0,21720000000.0,385010000000.0,155060000000.0,332050000000.0,329160000000.0,356820000000,71720000000,,256630000000,1750000000,1140000000.0
155940000000,386340000,-4070000000.0,-1810000000,-2360000000,-4139999999,6250000000,2023-12-31,COAL.JK,386340000,11900000000,13180000000,647570000000.0,26080000000.0,319630000000.0,152810000000.0,327940000000.0,325090000000.0,307280000000,66080000000,,271279999999,2740000000,-3400000000.0
109030000000,13740000000,-3200000000.0,10110000000,-2200000000,7830000000,6250000000,2024-03-31,COAL.JK,13740000000,24530000000,17920000000,650700000000.0,3460000000.0,314860000000.0,150780000000.0,335840000000.0,332930000000.0,302870000000,23460000000,,261149999999,-40260000000,-40310000000.0
113180000000,21720000000,-3220000000.0,24160000000,-5390000000,18600000000,6250000000,2024-06-30,COAL.JK,21720000000,30580000000,28340000000,663440000000.0,3590000000.0,308820000000.0,148960000000.0,354610000000.0,351530000000.0,296840000000,23590000000,,251660000000,1760000000,1710000000.0
55270000000,8270000000,-1690000000.0,6660000000,-477110000,6180000000,2750000000,2022-12-31,RMKO.JK,8270000000,16120000000.0,11700000000,231280000000.0,92360000.0,114740000000.0,67670000000.0,116540000000.0,116540000000.0,71180000000.0,92360000.0,,159030000000.0,,
68980000000,15900000000,-1770000000.0,14370000000,-2910000000,11460000000,1000000000,2023-03-31,RMKO.JK,15900000000,24620000000.0,18880000000,,,,,,,,,,,-6450000000.0,-102540000000.0
65370000000,8620000000,-3030000000.0,5580000000,-852330000,4720000000,2750000000,2023-06-30,RMKO.JK,8620000000,22290000000.0,10770000000,,,,,,,,,,,52320000000.0,-2820000000.0
73350000000,23300000000,-4610000000.0,18100000000,41780000,18140000000,1250000000,2023-12-31,RMKO.JK,23300000000,,29770000000,535179999999.0,14960000000.0,288920000000.0,259880000000.0,246260000000.0,246260000000.0,121550000000.0,14960000000.0,,340030000000.0,,
49120000000,-4730000000,-5920000000.0,-10470000000,1850000000,-8630000000,1250000000,2024-03-31,RMKO.JK,-4730000000,6930000000.0,-469940000,512970000000.0,5430000000.0,275340000000.0,237470000000.0,237630000000.0,237630000000.0,129620000000.0,5430000000.0,,350540000000.0,27780000000.0,7580000000.0
61250000000,2570000000,-4580000000.0,-2380000000,574380000,-1810000000,1250000000,2024-06-30,RMKO.JK,2570000000,16260000000.0,6300000000,521730000000.0,4780000000.0,285910000000.0,222240000000.0,235820000000.0,235820000000.0,145100000000.0,4780000000.0,,360100000000.0,13200000000.0,1140000000.0
