total_revenue,operating_income,pretax_income,income_taxes,net_income,diluted_shares_outstanding,ebitda,ebit,date,symbol,gross_income,interest_expense_non_operating,total_assets,cash_and_short_term_investments,cash_only,total_liabilities,total_debt,total_equity,stockholders_equity,total_current_liabilities,total_cash_and_due_from_banks,total_non_current_assets,net_operating_cash_flow,free_cash_flow
-46540000000,-47040000000,-46340000000,0,-46340000000,651150000,-46840000000,-47040000000,2022-12-31,NICK.JK,,,264560000000,50190000000,50190000000,1080000000,0,263480000000,263480000000,,,,19390000000.0,19390000000.0
-85410000000,-86320000000,-87180000000,0,-87180000000,651150000,-86070000000,-86320000000,2023-03-31,NICK.JK,,,178190000000,68920000000,68920000000,1900000000,0,176290000000,176290000000,,,,10370000000.0,4540000000.0
15980000000,15200000000,15460000000,0,15460000000,651150000,15480000000,15200000000,2023-06-30,NICK.JK,,,193630000000,67120000000,67120000000,1880000000,0,191750000000,191750000000,,,,-3420000000.0,2420000000.0
-4490000000,-5370000000,-3680000000,0,-3670000000,651150000,-5060000000,-5370000000,2023-09-30,NICK.JK,,,189420000000,64560000000,64560000000,1350000000,0,188070000000,188080000000,,,,2770000000.0,-7750000000.0
7580000000,6780000000,7080000000,-128280000,6939999999,651150000,7080000000,6780000000,2023-12-31,NICK.JK,,,196280000000,58070000000,58070000000,1290000000,0,195000000000,195000000000,,,,-5590000000.0,4930000000.0
-9190000000,-10370000000,-8480000000,0,-8480000000,651150000,-10070000000,-10370000000,2024-03-31,NICK.JK,,,187650000000,89200000000,89200000000,1060000000,0,186580000000,186580000000,,,,30010000000.0,30010000000.0
-571630000,-1580000000,604320000,-236390000,367930000,651150000,-1270000000,-1580000000,2024-06-30,NICK.JK,,,188150000000,86460000000,86460000000,1200000000,0,186950000000,186950000000,,,,-4200000000.0,-4200000000.0
3990000000,766670000,590880000,-76320000,514559999,1150000000,975180000,766670000,2021-12-31,SOUL.JK,2670000000,-140280000,2950000000,53960000,53960000,2520000000,1400000000,426830000,426830000,1060000000,,1140000000,396450000.0,190520000.0
4580000000,314940000,174180000,-95490000,78680000,1150000000,1140000000,314940000,2022-12-31,SOUL.JK,2460000000,-170850000,18620000000,8020000,8020000,2180000000,1320000000,16440000000,16440000000,1490000000,,13800000000,-1140000000.0,-14650000000.0
4820000000,-4050000000,-4030000000,780830000,-3250000000,1080000000,-2890000000,-4050000000,2023-12-31,SOUL.JK,2080000000,-32619999,42360000000,10710000000,10710000000,3290000000,2000000000,39070000000,39070000000,2250000000,,17510000000,-5150000000.0,-13760000000.0
16360000000,-1440000000,-1280000000,231990000,-1050000000,465220000,-1350000000,-1440000000,2022-12-31,FORU.JK,5810000000,-67630000.0,51170000000,29410000000,29410000000,14530000000,2350000000,36640000000,36640000000,9670000000,,7520000000,-3310000000.0,-3410000000.0
12990000000,-70440000,-109190000,32939999,-76250000,465220000,133350000,-70440000,2023-03-31,FORU.JK,5560000000,-54350000.0,51850000000,33070000000,33070000000,15290000000,2400000000,36570000000,36570000000,10240000000,,7490000000,3719999999.0,3600000000.0
8150000000,-500610000,-526659999,32939999,-493720000,465220000,-294090000,-500610000,2023-06-30,FORU.JK,4720000000,-56830000.0,46220000000,30680000000,30680000000,10150000000,2450000000,36070000000,36070000000,4910000000,,7610000000,-2280000000.0,-2340000000.0
12160000000,-1340000000,-1110000000,-238430000,-1350000000,465220000,-1150000000,-1340000000,2023-09-30,FORU.JK,4570000000,-55310000.0,46630000000,30650000000,30650000000,11910000000,1800000000,34720000000,34720000000,8420000000,,7130000000,29360000.0,-56720000.0
9290000000,-740120000,-294620000,-506800000,-801420000,465220000,-592750000,-740120000,2023-12-31,FORU.JK,5190000000,,40910000000,30240000000,30240000000,7000000000,229460000,33909999999,33909999999,5350000000,,4310000000,-394090000.0,-468830000.0
5530000000,-3760000000,-3570000000,24260000,-3540000000,465220000,-3560000000,-3760000000,2024-03-31,FORU.JK,3250000000,-6590000.0,35970000000,26330000000,26330000000,5600000000,0,30370000000,30370000000,3840000000,,4200000000,-3640000000.0,-3700000000.0
10490000000,-1560000000,-1420000000,24260000,-1400000000,465220000,-1460000000,-1560000000,2024-06-30,FORU.JK,5300000000,-4990000.0,36770000000,21120000000,21120000000,7800000000,0,28970000000,28970000000,5930000000,,4520000000,-4090000000.0,-5210000000.0
71360000000,-9580000000,5560000000,-5770000000,-224540000,348390000,,,2022-12-31,ASBI.JK,,-3340000.0,654810000000,,27230000000,285560000000,1140000000,369250000000,369080000000,,,,-7540000000.0,-8690000000.0
28740000000,1420000000,1470000000,149060000,1620000000,348390000,,,2023-03-31,ASBI.JK,,-3340000.0,664340000000,,30700000000,293400000000,969810000,370940000000,370770000000,,,,-14380000000.0,-14980000000.0
120480000000,3300000000,3300000000,-536659999,2760000000,348390000,,,2023-06-30,ASBI.JK,,,652910000000,,28340000000,280480000000,1870000000,372420000000,372250000000,,,,-34420000000.0,-36210000000.0
62950000000,2049999999,7480000000,-252660000,7210000000,348390000,,,2023-09-30,ASBI.JK,,-16160000.0,656410000000,,15250000000,266390000000,1340000000,390020000000,389830000000,,,,-6110000000.0,-9530000000.0
61540000000,-19720000000,-5430000000,-350800000,-5790000000,348390000,,,2023-12-31,ASBI.JK,,-17840000.0,654580000000,,16190000000,266890000000,1530000000,387700000000,387510000000,,,,1090000000.0,-300980000.0
23500000000,-6030000000,-6280000000,6620000000,340570000,348390000,,,2024-03-31,ASBI.JK,,-21190000.0,673330000000,,12990000000,284540000000,1470000000,388790000000,388600000000,,,,2560000000.0,771420000.0
43830000000,10390000000,10090000000,-6650000000,3410000000,348390000,,,2024-06-30,ASBI.JK,,-21190000.0,666000000000,,20390000000,259700000000,1609999999,406300000000,406100000000,,,,10050000000.0,9100000000.0
18210000000,4470000000,4510000000,-989580000,3520000000,4600000000,4870000000,4470000000,2022-09-30,IPPE.JK,6250000000,0,295440000000,2080000000,2080000000,10470000000,0,284970000000,284970000000,10340000000,,182250000000,542830000.0,-2520000000.0
13980000000,1920000000,1900000000,-358610000,1540000000,3930000000,2320000000,1920000000,2023-03-31,IPPE.JK,3280000000,-2089999,293170000000,1680000000,1680000000,9170000000,0,284000000000,284000000000,8970000000,,185980000000,-753250000.0,-1530000000.0
11960000000,1480000000,1480000000,-385490000,1100000000,4600000000,1880000000,1480000000,2023-06-30,IPPE.JK,2980000000,-2089999,295260000000,1560000000,1560000000,10170000000,0,285090000000,285090000000,9960000000,,186660000000,894480000.0,-116450000.0
3080000000,721080000,411440000,-138630000,272810000,4600000000,1110000000,721080000,2023-09-30,IPPE.JK,1870000000,-234030000,297390000000,1270000000,1270000000,12020000000,5080000000,285370000000,285370000000,7340000000,,186260000000,-5310000000.0,-5370000000.0
6710000000,1320000000,1250000000,-301610000,951010000,4600000000,1850000000,1320000000,2023-12-31,IPPE.JK,3390000000,-65110000,301270000000,1050000000,1050000000,15000000000,7540000000,286280000000,286280000000,9120000000,,201420000000,3020000000.0,-2680000000.0
14200000000,2480000000,2020000000,-462920000,1560000000,4600000000,3290000000,2480000000,2024-03-31,IPPE.JK,3890000000,-355440000,301450000000,1050000000,1050000000,13570000000,7030000000,287880000000,287880000000,7860000000,,201310000000,987340000.0,508730000.0
4630000000,431770000,281930000,-61990000,219940000,4600000000,1250000000,431770000,2024-06-30,IPPE.JK,1320000000,-150000000,301810000000,1110000000,1110000000,13750000000,6520000000,288060000000,288050000000,8240000000,,201880000000,3080000000.0,1930000000.0
427370000000,131919999999,-102290000000,-380310000,-104110000000,592280000,135020000000,131919999999,2022-12-31,BIKA.JK,185430000000,-235180000000,2900000000000,90900000000,90900000000,3230000000000,1280000000000,-328070000000,-130580000000,2300000000000,,339360000000,-37200000000.0,-37750000000.0
17790000000,-16430000000,-25540000000,0,17900000000,592280000,-13370000000,-16430000000,2023-03-31,BIKA.JK,8250000000,-8990000000,2950000000000,103370000000,103370000000,3300000000000,1280000000000,-353610000000,-112680000000,2460000000000,,338590000000,252280000000.0,251680000000.0
43850000000,-15910000000,-33950000000,0,-5230000000,592280000,-12860000000,-15910000000,2023-06-30,BIKA.JK,23260000000,-19030000000,2950000000000,87900000000,87900000000,3340000000000,1260000000000,-387560000000,-117910000000,2410000000000,,335770000000,-19450000000.0,-19970000000.0
49070000000,-3780000000,-15210000000,0,-3890000000,592280000,-709070000,-3780000000,2023-09-30,BIKA.JK,27160000000,-12260000000,2960000000000,83960000000,83960000000,3370000000000,1240000000000,-402760000000,-121800000000,2440000000000,,289200000000,-252490000000.0,-253310000000.0
159170000000,42500000000,30730000000,-208910000,-27590000000,592280000,45610000000,42500000000,2023-12-31,BIKA.JK,77120000000,-13670000000,2910000000000,74610000000,74610000000,3290000000000,1220000000000,-371790000000,-149690000000,2260000000000,,290180000000,46690000000.0,46000000000.0
25600000000,-18820000000,-29430000000,0,-8720000000,592280000,-15700000000,-18820000000,2024-03-31,BIKA.JK,11060000000,-10950000000,2930000000000,67940000000,67940000000,3330000000000,1210000000000,-401210000000,-158410000000,2300000000000,,286870000000,-1160000000.0,-1460000000.0
29230000000,-8800000000,-16950000000,0,-6080000000,592280000,-5670000000,-8800000000,2024-06-30,BIKA.JK,15170000000,-8449999999,2960000000000,74490000000,74490000000,3370000000000,1200000000000,-418160000000,-164490000000,2350000000000,,284020000000,12330000000.0,11950000000.0
16020000000,-1000000000,723150000,-5390000,565790000,446670000,2750000000,-1000000000,2022-09-30,ARTA.JK,9190000000,-9850000.0,377130000000,90270000000,79310000000,52020000000,410720000,325110000000,181830000000,10820000000,,278650000000,3850000000.0,2830000000.0
19960000000,-288130000,3700000000,1260000000,4080000000,446670000,3380000000,-288130000,2022-12-31,ARTA.JK,9310000000,,360730000000,84160000000,73780000000,14060000000,328750000,346670000000,201590000000,5960000000,,272579999999,9630000000.0,9380000000.0
16680000000,2230000000,3170000000,292390000,2089999999,446670000,5860000000,2230000000,2023-03-31,ARTA.JK,9180000000,-15610000.0,367890000000,88710000000,77980000000,17420000000,224140000,350470000000,204020000000,9720000000,,270800000000,6120000000.0,4330000000.0
12130000000,-2550000000,-2880000000,565750000,-1290000000,446670000,1080000000,-2550000000,2023-06-30,ARTA.JK,5500000000,-6830000.0,302190000000,27270000000,16129999999,15450000000,224140000,286740000000,158470000000,8260000000,,268220000000,1000000000.0,-53890000.0
20350000000,-511440000,829300000,196120000,735720000,446670000,3180000000,-511440000,2023-09-30,ARTA.JK,9670000000,-8750000.0,304520000000,32600000000,21640000000,16930000000,224140000,287590000000,159030000000,9930000000,,265279999999,6620000000.0,5490000000.0
28580000000,-142880000,762260000,-568360000,-154600000,446670000,3620000000,-142880000,2023-12-31,ARTA.JK,12640000000,-7600000.0,290510000000,38690000000,27850000000,18420000000,224140000,272089999999,158780000000,10850000000,,248210000000,8870000000.0,6140000000.0
16020000000,-3680000000,-3500000000,227600000,-1910000000,446670000,114630000,-3680000000,2024-03-31,ARTA.JK,3400000000,-9740000.0,285440000000,34240000000,22470000000,15700000000,114630000,269750000000,157790000000,8470000000,,245940000000,-3870000000.0,-5260000000.0
160920000000,21870000000,16960000000,-3730000000,13230000000,1200000000,25070000000,21870000000,2022-09-30,CCSI.JK,28450000000,-1609999999,677690000000,22260000000,22260000000,286370000000,96880000000,391320000000,391320000000,247980000000,,212200000000,2150000000.0,-5300000000.0
146590000000,17610000000,12880000000,-2940000000,9890000000,1200000000,22170000000,17610000000,2022-12-31,CCSI.JK,31110000000,-2900000000,795180000000,14010000000,14010000000,358190000000,188180000000,436990000000,436990000000,304020000000,,300170000000,-22150000000.0,-52320000000.0
117760000000,4560000000,4890000000,-1120000000,3770000000,1200000000,7780000000,4560000000,2023-03-31,CCSI.JK,13360000000,-3870000000,758410000000,39100000000,39100000000,334000000000,199150000000,424410000000,424410000000,282460000000,,290650000000,24190000000.0,14160000000.0
68840000000,3110000000,763470000,37750000,800940000,1200000000,7970000000,3110000000,2023-06-30,CCSI.JK,11240000000,-3070000000,765310000000,19670000000,19670000000,341890000000,201000000000,423420000000,423420000000,292820000000,,289520000000,-3390000000.0,-21270000000.0
77580000000,-4720000000,-10270000000,1040000000,-9220000000,1200000000,-4470000000,-4720000000,2023-09-30,CCSI.JK,5390000000,-3870000000,755210000000,31530000000,31530000000,341620000000,207070000000,413580000000,413580000000,265339999999,,298420000000,19170000000.0,5770000000.0
85320000000,-18500000000,-23510000000,5790000000,-17730000000,1200000000,-6810000000,-18500000000,2023-12-31,CCSI.JK,-7160000000,-4570000000,751950000000,15980000000,15980000000,342720000000,193810000000,409230000000,409230000000,264180000000,,327130000000,6340000000.0,-468000.0
56020000000,-5100000000,-10730000000,2480000000,-8250000000,1200000000,-605510000,-5100000000,2024-03-31,CCSI.JK,3560000000,-3410000000,735230000000,20540000000,20540000000,333400000000,190120000000,401830000000,401830000000,256399999999,,349670000000,14230000000.0,-10330000000.0
97420000000,5670000000,6660000000,-1380000000,5270000000,652500000,6250000000,5670000000,2021-12-31,JATI.JK,18900000000,-26890000,143460000000,23520000000,23520000000,109930000000,6000000000,33540000000,33540000000,99180000000,,17350000000,,
135460000000,5480000000,5520000000,-2400000000,3120000000,652500000,6120000000,5480000000,2022-12-31,JATI.JK,20630000000,-381110000,258360000000,81540000000,81540000000,164070000000,7700000000,94280000000,94280000000,149600000000,,46250000000,,
114200000000,-700450000,508070000,-124150000,383930000,2220000000,23140000,-700450000,2023-09-30,JATI.JK,14500000000,-438510000,304570000000,79270000000,79270000000,145580000000,41390000000,158990000000,158990000000,120350000000,,87610000000,,
134889999999,3730000000,3100000000,-870170000,2230000000,3260000000,4410000000,3730000000,2023-12-31,JATI.JK,15260000000,-407060000,315660000000,72550000000,72550000000,154620000000,25210000000,161040000000,161040000000,138030000000,,95270000000,-44030000000.0,-43270000000.0
130740000000,841370000,424900000,-216480000,208420000,3080000000,2170000000,841370000,2024-03-31,JATI.JK,15320000000,-779270000,337340000000,73740000000,73740000000,175010000000,15080000000,162330000000,162330000000,162370000000,,93460000000,53580000000.0,10900000000.0
123830000000,532700000,564090000,-307340000,256750000,3260000000,1920000000,532700000,2024-06-30,JATI.JK,13910000000,-76710000,293140000000,41730000000,41730000000,131360000000,12380000000,161790000000,161790000000,121140000000,,96990000000,-76120000000.0,-33900000000.0
66310000000,-1120000000,-5500000000,12450000000,6950000000,2390000000,,,2022-12-31,BSWD.JK,,,6060000000000,,,2730000000000,265089999999,3330000000000,3330000000000,,280460000000,,186760000000.0,
84920000000,15400000000,15530000000,-3420000000,12120000000,2390000000,,,2023-03-31,BSWD.JK,,,6000000000000,,,2660000000000,351880000,3340000000000,3340000000000,,292550000000,,-13090000000.0,
87220000000,12520000000,11550000000,-2540000000,9010000000,2390000000,,,2023-06-30,BSWD.JK,,,6030000000000,,,2680000000000,278380000,3350000000000,3350000000000,,252320000000,,607240000000.0,
93790000000,14290000000,13030000000,-2870000000,10160000000,3690000000,,,2023-09-30,BSWD.JK,,,6160000000000,,,2800000000000,226240000,3360000000000,3360000000000,,225790000000,,-579970000000.0,
94590000000,18770000000,18680000000,-1140000000,17540000000,3690000000,,,2023-12-31,BSWD.JK,,,6130000000000,,,2750000000000,177790000,3380000000000,3380000000000,,306440000000,,151180000000.0,
94930000000,9870000000,9870000000,-2170000000,7700000000,3690000000,,,2024-03-31,BSWD.JK,,,6280000000000,,,2900000000000,1320000000,3390000000000,3390000000000,,226020000000,,-1010000000.0,-1010000000.0
109950000000,34910000000,34820000000,-7660000000,27160000000,3690000000,,,2024-06-30,BSWD.JK,,,7150000000000,,,3730000000000,1200000000,3410000000000,3410000000000,,337430000000,,-646780000000.0,-647090000000.0
8039999999,-3000000000,-3520000000,0,-3950000000,848390000,-2130000000,-3000000000,H1 '24-12-31,RUNS.JK,5910000000,-558520000,87660000000,7730000000,7730000000,25410000000,17490000000,62250000000,58650000000,8109999999,,61840000000,-2150000000.0,-2750000000.0
262410000000,-50520000000,-50580000000,0,-50580000000,20440000000,,,2022-12-31,BKSW.JK,,,16719999999999,,,12060000000000,1010000000000,4650000000000,4650000000000,,1990000000000,,354440000000.0,362130000000.0
370490000000,28840000000,29020000000,0,29020000000,16510000000,,,2023-03-31,BKSW.JK,,,16710000000000,,,11990000000000,789970000000,4720000000000,4720000000000,,2430000000000,,89170000000.0,89170000000.0
253750000000,23910000000,23910000000,0,23910000000,35160000000,,,2023-06-30,BKSW.JK,,,14390000000000,,,9660000000000,119580000000,4740000000000,4740000000000,,1930000000000,,-89280000000.0,-89280000000.0
241990000000,12580000000,12580000000,0,12580000000,35160000000,,,2023-09-30,BKSW.JK,,,12940000000000,,,8180000000000,267339999999,4760000000000,4760000000000,,1660000000000,,584310000000.0,584310000000.0
289730000000,3740000000,3740000000,0,3740000000,35160000000,,,2023-12-31,BKSW.JK,,,11750000000000,,,7060000000000,493520000000,4689999999999,4689999999999,,1660000000000,,124350000000.0,124270000000.0
214050000000,9030000000,9030000000,0,9030000000,35160000000,,,2024-03-31,BKSW.JK,,,11500000000000,,,6800000000000,104240000000,4700000000000,4700000000000,,1750000000000,,119170000000.0,119150000000.0
194560000000,42410000000,42410000000,-972000000,41440000000,35160000000,,,2024-06-30,BKSW.JK,,,11450000000000,,,6720000000000,99440000000,4730000000000,4730000000000,,1160000000000,,37700000000.0,37660000000.0
6130000000,190480000,-2350000000,-359250000,-2710000000,1560000000,1050000000,190480000,2022-12-31,MEDS.JK,940430000,,80930000000,5360000000,5360000000,12140000000,10030000000,68790000000,68790000000,4139999999,,43540000000,,
3770000000,-4150000000,-4330000000,0,-4330000000,1410000000,-2950000000,-4150000000,2023-03-31,MEDS.JK,145740000,-219770000.0,82350000000,1020000000,1020000000,17900000000,9850000000,64450000000,64450000000,10260000000,,52490000000,-1180000000.0,-9070000000.0
3490000000,-3560000000,-3770000000,0,-3770000000,1560000000,-2360000000,-3560000000,2023-06-30,MEDS.JK,-395690000,-209910000.0,78610000000,1040000000,1040000000,17920000000,9230000000,60680000000,60680000000,10940000000,,55250000000,7140000000.0,911330000.0
4930000000,1300000000,1110000000,0,1110000000,1560000000,1810000000,1300000000,2023-09-30,MEDS.JK,3180000000,-197850000.0,79080000000,247160000,247160000,17290000000,8610000000,61790000000,61790000000,10980000000,,54830000000,-47650000.0,-130389999.0
10530000000,3900000000,3410000000,17010000,3430000000,1560000000,5150000000,3900000000,2023-12-31,MEDS.JK,5460000000,-35890000.0,77130000000,665570000,665570000,11970000000,7970000000,65160000000,65160000000,6330000000,,53600000000,-2760000000.0,5350000000.0
4840000000,-786230000,-927730000,0,-927730000,1560000000,385260000,-786230000,2024-03-31,MEDS.JK,1290000000,-137520000.0,73770000000,656590000,656590000,9540000000,7340000000,64230000000,64230000000,4590000000,,52550000000,1530000000.0,1400000000.0
603680000,-2450000000,-2770000000,3410000,-2770000000,1560000000,-1290000000,-2450000000,2024-06-30,MEDS.JK,-794060000,-125870000.0,70620000000,727420000,727420000,9180000000,6680000000,61440000000,61440000000,4910000000,,51440000000,800860000.0,745340000.0
78230000000,8410000000,3700000000,-1680000000,2020000000,889860000,10280000000,8410000000,2022-12-31,COCO.JK,16390000000,-5250000000,485050000000,1220000000,1220000000,280760000000,210410000000,204290000000,204290000000,146030000000,,200880000000,-57390000000.0,-15300000000.0
55220000000,5080000000,-206630000,-281460000,-489530000,889860000,6910000000,5080000000,2023-03-31,COCO.JK,12420000000,-5270000000,465730000000,552170000,552170000,261920000000,206630000000,203800000000,203800000000,129410000000,,203740000000,7370000000.0,-3920000000.0
41140000000,-392840000,-5390000000,857700000,-4530000000,889860000,1450000000,-392840000,2023-06-30,COCO.JK,9750000000,-5090000000,592920000000,141420000000,141420000000,393650000000,360330000000,199270000000,199270000000,113020000000,,205480000000,-10190000000.0,-5390000000.0
42010000000,995340,-9170000000,-576240000,-9750000000,889860000,1819999999,995340,2023-09-30,COCO.JK,7080000000,-9380000000,583250000000,26790000000,26790000000,393730000000,361560000000,189520000000,189520000000,115240000000,,204180000000,-4960000000.0,-5890000000.0
32689999999,-27980000000,-36060000000,391760000,-35670000000,889860000,-26000000000,-27980000000,2023-12-31,COCO.JK,-18360000000,-9190000000,528960000000,108160000000,108160000000,378360000000,337130000000,150600000000,150600000000,117660000000,,206940000000,-1030000000.0,-4590000000.0
41490000000,-1140000000,-8750000000,0,-8740000000,889860000,662880000,-1140000000,2024-03-31,COCO.JK,5170000000,-8550000000,458580000000,25760000000,25760000000,316720000000,284500000000,141860000000,141850000000,91990000000,,209760000000,-29730000000.0,-29760000000.0
38860000000,-13850000000,-24200000000,0,-24200000000,889860000,-11580000000,-13850000000,2024-06-30,COCO.JK,-5500000000,-10330000000,447580000000,11210000000,11210000000,329920000000,284860000000,117660000000,117650000000,105880000000,,212830000000,-9760000000.0,-14910000000.0
1870000000000,556190000000,498900000000,-110930000000,387970000000,15020000000,,,2022-09-30,BJTM.JK,,,98480000000000,,,87570000000000,2830000000000,10910000000000,10910000000000,,13040000000000,,102580000000.0,34730000000.0
1859999999999,360740000000,454930000000,-115440000000,339490000000,15020000000,,,2022-12-31,BJTM.JK,,,103030000000000,,,91590000000000,7860000000000,11450000000000,11450000000000,,13520000000000,,2220000000000.0,2130000000000.0
1890000000000,410110000000,398990000000,-93780000000,305210000000,15020000000,,,2023-03-31,BJTM.JK,,,96620000000000,,,84860000000000,4019999999999,11760000000000,11760000000000,,11040000000000,,836250000000.0,808530000000.0
1890000000000,553380000000,538090000000,-123160000000,414930000000,15020000000,,,2023-06-30,BJTM.JK,,,103010000000000,,,91510000000000,6760000000000,11500000000000,11500000000000,,11830000000000,,-225700000000.0,-248620000000.0
1970000000000,479550000000,475530000000,-100900000000,374630000000,15020000000,,,2023-09-30,BJTM.JK,,,107040000000000,,,95290000000000,9060000000000,11750000000000,11750000000000,,12080000000000,,184250000000.0,162500000000.0
2140000000000,446640000000,480130000000,-104800000000,375340000000,15020000000,,,2023-12-31,BJTM.JK,,,103850000000000,,,91700000000000,11100000000000,12150000000000,12150000000000,,11770000000000,,1640000000000.0,1569999999999.0
2049999999999,407250000000,402630000000,-92790000000,309840000000,15020000000,,,2024-03-31,BJTM.JK,,,100840000000000,,,89210000000000,6240000000000,11630000000000,11630000000000,,9930000000000,,-4130000000000.0,-4160000000000.0
366150000000,81280000000,80220000000,-85220000000,-5000000000,32220000000,,,2022-12-31,BABP.JK,,,16860000000000,,,14150000000000,574370000000,2710000000000,2710000000000,,2700000000000,,136410000000.0,132180000000.0
341210000000,28270000000,28090000000,-6260000000,21830000000,28460000000,,,2023-03-31,BABP.JK,,,16309999999999,,,12780000000000,523000000000,3530000000000,3530000000000,,1720000000000,,127680000000.0,127550000000.0
331340000000,22470000000,22630000000,-4980000000,17650000000,33759999999,,,2023-06-30,BABP.JK,,,16860000000000,,,13310000000000,491080000000,3550000000000,3550000000000,,1440000000000,,72010000000.0,-840000000000.0
364240000000,29710000000,30300000000,-11820000000,18480000000,33759999999,,,2023-09-30,BABP.JK,,,17350000000000,,,13790000000000,881590000000,3560000000000,3560000000000,,1640000000000,,-53010000000.0,-95070000000.0
386450000000,35620000000,40420000000,-20470000000,19950000000,33770000000,,,2023-12-31,BABP.JK,,,18150000000000,,,14560000000000,741950000000,3590000000000,3590000000000,,2520000000000,,190690000000.0,155760000000.0
354500000000,16559999999,19080000000,-4230000000,14850000000,32320000000,,,2024-03-31,BABP.JK,,,18290000000000,,,14690000000000,321640000000,3600000000000,3600000000000,,1650000000000,,47730000000.0,45530000000.0
361030000000,15730000000,18790000000,-4170000000,14630000000,44460000000,,,2024-06-30,BABP.JK,,,18200000000000,,,14590000000000,380950000000,3610000000000,3610000000000,,1270000000000,,-11990000000.0,-12730000000.0
7350000000,1040000000,339680000,0,339710000,849950000,2670000000,1040000000,H1 '22-12-31,IDEA.JK,3410000000,-884740000,80680000000,11760000000,11760000000,18790000000,17920000000,61890000000,61880000000,6090000000,,59710000000,-2310000000.0,-2360000000.0
10920000000,1380000000,413590000,-144770000,268830000,1060000000,3380000000,1380000000,H2 '22-12-31,IDEA.JK,3370000000,-867560000,81180000000,4330000000,1330000000,19030000000,16899999999,62150000000,62150000000,7160000000,,60830000000,4490000000.0,-7060000000.0
9050000000,1620000000,871220000,0,871220000,1060000000,3740000000,1620000000,H1 '23-12-31,IDEA.JK,3860000000,-802400000,80100000000,3150000000,2150000000,18140000000,15840000000,61960000000,61960000000,7580000000,,58720000000,489120000.0,-60970000.0
11230000000,1020000000,284310000,-206510000,77770000,1060000000,3310000000,1020000000,H2 '23-12-31,IDEA.JK,4260000000,-779890000,79340000000,3050000000,3050000000,17330000000,14790000000,62020000000,62010000000,7900000000,,72840000000,8350000000.0,2870000000.0
10960000000,1630000000,956790000,0,957130000,1060000000,4139999999,1630000000,H1 '24-12-31,IDEA.JK,4600000000,-681120000,77600000000,2200000000,2200000000,14630000000,13510000000,62970000000,62970000000,6470000000,,70540000000,1090000000.0,894590000.0
187000000000,9000000000,9030000000,930790000,9960000000,620810000,,,2022-12-31,ABDA.JK,,0,2400000000000,,445550000000,890810000000,0,1510000000000,1510000000000,,,,37330000000.0,34960000000.0
205830000000,27540000000,27140000000,-3080000000,24060000000,620810000,,,2023-03-31,ABDA.JK,,0,2469999999999,,395730000000,970350000000,0,1500000000000,1500000000000,,,,39260000000.0,38920000000.0
213100000000,12860000000,14280000000,-511780000,13770000000,620810000,,,2023-06-30,ABDA.JK,,0,2469999999999,,460200000000,962380000000,0,1510000000000,1510000000000,,,,-31470000000.0,-32670000000.0
219850000000,5970000000,7600000000,-708520000,6890000000,620810000,,,2023-09-30,ABDA.JK,,0,2450000000000,,729860000000,968380000000,0,1480000000000,1480000000000,,,,-9710000000.0,-10630000000.0
191810000000,6689999999,19560000000,20300000000,39860000000,620810000,,,2023-12-31,ABDA.JK,,0,2530000000000,,722650000000,976480000000,0,1550000000000,1550000000000,,,,-26300000000.0,-27430000000.0
242410000000,10670000000,10730000000,1310000000,12050000000,620810000,,,2024-03-31,ABDA.JK,,0,2570000000000,,681960000000,1050000000000,0,1510000000000,1510000000000,,,,31680000000.0,29460000000.0
216300000000,28820000000,29320000000,-2480000000,26840000000,620810000,,,2024-06-30,ABDA.JK,,0,2540000000000,,743170000000,1020000000000,0,1520000000000,1520000000000,,,,-42820000000.0,-43860000000.0
,,,,,,,,2022-09-30,KPAL.JK,,,,,,,,,,,,,,
,,,,,,,,2022-12-31,KPAL.JK,,,,,,,,,,,,,,
,,,,,,,,2023-03-31,KPAL.JK,,,,,,,,,,,,,,
,,,,,,,,2023-06-30,KPAL.JK,,,,,,,,,,,,,,
,,,,,,,,2023-09-30,KPAL.JK,,,,,,,,,,,,,,
,,,,,,,,2023-12-31,KPAL.JK,,,,,,,,,,,,,,
,,,,,,,,2024-03-31,KPAL.JK,,,,,,,,,,,,,,
18660000000,-3540000000,-70810000000,-40940000,-70850000000,1110000000,-3540000000,-3540000000,2022-12-31,GLOB.JK,825580000,-69540000000.0,9150000000,4300000000,4300000000,932410000000,486630000000,-923260000000,-923260000000,683850000000,,1800000000,444250000.0,444250000.0
21180000000,-39420000,523049999,0,523049999,1110000000,-37510000,-39420000,2023-03-31,GLOB.JK,1380000000,-6310000.0,9770000000,5680000000,5680000000,932510000000,485980000000,-922730000000,-922730000000,714880000000,,794580000,2040000000.0,2040000000.0
19540000000,-455070000,107380000,0,107380000,1110000000,-453460000,-455070000,2023-06-30,GLOB.JK,1180000000,,6350000000,3770000000,3770000000,928980000000,485330000000,-922630000000,-922630000000,742290000000,,800050000,-1260000000.0,-1260000000.0
24230000000,-321690000,240660000,0,240660000,1110000000,-319480000,-321690000,2023-09-30,GLOB.JK,1920000000,-4260000.0,8410000000,3230000000,3230000000,930790000000,483980000000,-922390000000,-922380000000,775040000000,,797840000,804170000.0,804170000.0
48750000000,-989380000,-82710000000,-200090000,-82910000000,1110000000,-987170000,-989380000,2023-12-31,GLOB.JK,3190000000,-82060000000.0,8640000000,2670000000,2670000000,1010000000000,481280000000,-1010000000000,-1010000000000,888660000000,,890600000,2150000000.0,2140000000.0
43050000000,-84900000,834900000,0,834900000,1110000000,-82690000,-84900000,2024-03-31,GLOB.JK,2950000000,-2719999.0,8870000000,1440000000,1440000000,1010000000000,478280000000,-1000000000000,-1000000000000,929310000000,,888390000,1770000000.0,1770000000.0
44760000000,645620000,1580000000,0,1580000000,1110000000,648190000,645620000,2024-06-30,GLOB.JK,3070000000,-2900000.0,8529999999,1060000000,1060000000,1010000000000,475280000000,-1000000000000,-1000000000000,968630000000,,888730000,2620000000.0,
679890000000,43410000000,35440000000,-6990000000,21520000000,1250000000,51490000000,43410000000,2022-12-31,PANR.JK,63890000000,-10050000000,1530000000000,99550000000,96480000000,970210000000,633250000000,563710000000,426620000000,457370000000,,1100000000000,110420000000.0,103070000000.0
832070000000,48820000000,41400000000,-9050000000,15890000000,1250000000,56820000000,48820000000,2023-03-31,PANR.JK,81710000000,-11650000000,1640000000000,118180000000,115090000000,1040000000000,653870000000,599870000000,442510000000,522150000000,,1090000000000,-2009999999.0,-2049999999.0
543740000000,31000000000,37700000000,-4290000000,26140000000,1250000000,40040000000,31000000000,2023-06-30,PANR.JK,62680000000,-9700000000,1620000000000,102440000000,99350000000,975490000000,622690000000,647920000000,481150000000,466190000000,,1110000000000,14790000000.0,11350000000.0
659850000000,26100000000,19050000000,1390000000,16070000000,1250000000,34690000000,26100000000,2023-09-30,PANR.JK,60590000000,-11860000000,1680000000000,165600000000,162480000000,1010000000000,555390000000,670400000000,497100000000,489090000000,,1110000000000,135810000000.0,132539999999.0
823220000000,37410000000,32640000000,-21760000000,5020000000,1250000000,41230000000,37410000000,2023-12-31,PANR.JK,75730000000,-18740000000,1640000000000,205580000000,135660000000,930100000000,538039999999,706000000000,515409999999,482510000000,,1050000000000,849870000.0,-3880000000.0
646210000000,19630000000,13990000000,-1770000000,6310000000,1390000000,25110000000,19630000000,2024-03-31,PANR.JK,60420000000,-12250000000,1830000000000,258190000000,187860000000,991050000000,511570000000,839150000000,596610000000,549470000000,,1040000000000,23940000000.0,-1340000000.0
864180000000,37050000000,31610000000,-7730000000,22590000000,1200000000,47370000000,37050000000,2024-06-30,PANR.JK,75150000000,-10200000000,1740000000000,212210000000,167060000000,925290000000,533669999999,812200000000,591720000000,487290000000,,1040000000000,268460000.0,-7790000000.0
101920000000,-16350000000,-20290000000,-4510000000,-24800000000,1070000000,-12580000000,-16350000000,2022-12-31,MBTO.JK,29200000000,-4840000000,721700000000,14520000000,4019999999,316910000000,161390000000,404800000000,404790000000,280380000000,,530150000000,-1589999999.0,-1990000000.0
112430000000,1230000000,-434220000,-4490000,-438910000,1070000000,5590000000,1230000000,2023-03-31,MBTO.JK,35880000000,-3840000000,722300000000,6750000000,4250000000,317940000000,169070000000,404360000000,404350000000,278270000000,,531350000000,-5980000000.0,-6500000000.0
99760000000,-1300000000,-4050000000,591630000,-3460000000,1070000000,2890000000,-1300000000,2023-06-30,MBTO.JK,39100000000,-3980000000,713070000000,3110000000,2310000000,312170000000,166010000000,400900000000,400890000000,274200000000,,528580000000,914680000.0,202930000.0
107850000000,-3230000000,760500000,1370000000,2140000000,1070000000,560370000,-3230000000,2023-09-30,MBTO.JK,38790000000,-4420000000,724110000000,5710000000,3910000000,321080000000,169210000000,403040000000,403030000000,283570000000,,528080000000,-805270000.0,-1440000000.0
98480000000,-11360000000,-16290000000,-13870000000,-30170000000,1070000000,-7140000000,-11360000000,2023-12-31,MBTO.JK,22030000000,-5350000000,673250000000,6270000000,4470000000,304110000000,168110000000,369150000000,369130000000,259800000000,,512770000000,9230000000.0,7280000000.0
106790000000,942840000,-2590000000,306200000,-2280000000,1070000000,4710000000,942840000,2024-03-31,MBTO.JK,37620000000,-4560000000,681520000000,2780000000,2280000000,314660000000,165890000000,366860000000,366850000000,271040000000,,511770000000,-563410000.0,-1960000000.0
122260000000,9540000000,4070000000,-1030000000,3050000000,1070000000,13470000000,9540000000,2024-06-30,MBTO.JK,47070000000,-4520000000,682970000000,4680000000,3180000000,313070000000,172560000000,369910000000,369900000000,266720000000,,512309999999,-3340000000.0,-7370000000.0
4890000000000,1040000000000,1040000000000,-224940000000,677860000000,8080000000,,,2022-12-31,BTPN.JK,,,209170000000000,,,169760000000000,37470000000000,39410000000000,36910000000000,,12260000000000,,2250000000000.0,2170000000000.0
5020000000000,1190000000000,1190000000000,-261790000000,805190000000,8080000000,,,2023-03-31,BTPN.JK,,,203980000000000,,,163620000000000,41380000000000,40350000000000,37720000000000,,13310000000000,,1940000000000.0,1880000000000.0
5180000000000,964570000000,966400000000,-211660000000,656400000000,8080000000,,,2023-06-30,BTPN.JK,,,193090000000000,,,152790000000000,39300000000000,40300000000000,37780000000000,,14500000000000,,-320940000000.0,-364610000000.0
5170000000000,915150000000,906430000000,-198510000000,632140000000,8080000000,,,2023-09-30,BTPN.JK,,,195840000000000,,,154820000000000,39830000000000,41020000000000,38430000000000,,11900000000000,,2940000000000.0,2880000000000.0
5170000000000,388310000000,390450000000,-103230000000,264600000000,8080000000,,,2023-12-31,BTPN.JK,,,201450000000000,,,160170000000000,45650000000000,41280000000000,38670000000000,,13530000000000,,1030000000000.0,978250000000.0
5250000000000,791200000000,796850000000,-173810000000,543850000000,8400000000,,,2024-03-31,BTPN.JK,,,239830000000000,,,187680000000000,58100000000000,52150000000000,45470000000000,,17520000000000,,27930000000000.0,27900000000000.0
6880000000000,1120000000000,1000000000000,-211620000000,696650000000,10550000000,,,2024-06-30,BTPN.JK,,,235820000000000,,,183000000000000,54900000000000,52820000000000,46110000000000,,14550000000000,,-24140000000000.0,-24190000000000.0
30000000,-817100000,-605150000,45200000,-560090000,4800000000,-809210000,-817100000,2022-12-31,BBSS.JK,-26230000.0,-1569999,253440000000,2570000000,2570000000,4650000000,0,248790000000,248790000000,2230000000,,157620000000,598640000.0,
73060000,-613880000,-602900000,-7310000,-610210000,4800000000,-602460000,-613880000,2023-03-31,BBSS.JK,33299999.0,0,252680000000,1770000000,1770000000,4500000000,0,248180000000,248180000000,1960000000,,158780000000,-794740000.0,-794740000.0
125830000,-374700000,-332170000,7310000,-324860000,4800000000,-363280000,-374700000,2023-06-30,BBSS.JK,84410000.0,0,252430000000,646850000,646850000,4580000000,0,247850000000,247850000000,2040000000,,157970000000,-127480000.0,-127480000.0
125830000,-170650000,-227860000,0,-227860000,4800000000,-159230000,-170650000,2023-09-30,BBSS.JK,,0,252000000000,1220000000,1220000000,4370000000,0,247620000000,247620000000,1830000000,,157580000000,-431690000.0,
125830000,-297160000,-48250000,0,-48250000,4800000000,-263750000,-297160000,2023-12-31,BBSS.JK,92430000.0,0,251690000000,1050000000,1050000000,4139999999,0,247550000000,247550000000,1680000000,,164320000000,-165540000.0,
145830000,-331190000,-331150000,0,-331150000,4800000000,-307860000,-331190000,2024-03-31,BBSS.JK,122500000.0,0,251310000000,679220000,679220000,4080000000,0,247220000000,247220000000,1630000000,,166390000000,-370400000.0,
119720000,-215450000,-201320000,0,-201320000,4800000000,-185270000,-215450000,2024-06-30,BBSS.JK,89540000.0,0,251020000000,336390000,336390000,3990000000,0,247020000000,247020000000,1580000000,,164310000000,-342830000.0,
3990000000.0,986810000.0,962640000.0,-242640000.0,720000000.0,1030000000.0,1250000000.0,986810000.0,2023-03-31,BMBL.JK,2960000000.0,-33390000.0,85850000000.0,5660000000.0,5660000000.0,6190000000.0,1700000000.0,79650000000.0,79650000000.0,4590000000.0,,71950000000.0,-19330000000.0,-38290000000.0
4470000000.0,336030000.0,320550000.0,-112060000.0,208500000.0,1030000000.0,564230000.0,336030000.0,2023-06-30,BMBL.JK,2410000000.0,-19270000.0,83810000000.0,1680000000.0,1680000000.0,3950000000.0,1660000000.0,79860000000.0,79860000000.0,2380000000.0,,74040000000.0,4030000000.0,-4000000000.0
,,,,,,,,2023-09-30,BMBL.JK,,,,,,,,,,,,,,
,,,,,,,,2023-12-31,BMBL.JK,,,,,,,,,,,,,,
,,,,,,,,2024-03-31,BMBL.JK,,,,,,,,,,,,,,
53240000000,-708500000,-773510000,117920000,-628100000,4800000000,517880000,-708500000,2022-12-31,BAUT.JK,7470000000,-395610000,245230000000,313120000,313120000,51160000000,17940000000,194070000000,194000000000,47020000000,,25790000000,26060000000.0,26580000000.0
59400000000,5250000000,5440000000,-1150000000,4300000000,4800000000,6150000000,5250000000,2023-03-31,BAUT.JK,11720000000,-367690000,249360000000,778180000,778180000,51000000000,16510000000,198370000000,198300000000,47510000000,,24970000000,2000000000.0,1910000000.0
42410000000,2350000000,1640000000,-626990000,1030000000,4800000000,3240000000,2350000000,2023-06-30,BAUT.JK,9540000000,-369000000,257860000000,293760000,293760000,59780000000,18070000000,198090000000,198030000000,56940000000,,23750000000,-671380000.0,-734420000.0
49870000000,3550000000,3570000000,-881800000,2700000000,4800000000,4720000000,3550000000,2023-09-30,BAUT.JK,11290000000,-485030000,258470000000,860490000,860490000,57700000000,22640000000,200770000000,200730000000,55180000000,,24340000000,-2230000000.0,-2580000000.0
41180000000,-3340000000,-4070000000,1200000000,-2880000000,4800000000,-2280000000,-3340000000,2023-12-31,BAUT.JK,6480000000,-517330000,256620000000,568740000,568740000,58750000000,23370000000,197860000000,197800000000,54170000000,,27320000000,1810000000.0,572880000.0
41280000000,963160000,427140000,-175340000,256589999,4800000000,2170000000,963160000,2024-03-31,BAUT.JK,10060000000,-486460000,252050000000,1620000000,1620000000,53930000000,22340000000,198120000000,198060000000,49790000000,,26140000000,2800000000.0,2719999999.0
37540000000,-1440000000,-1910000000,51930000,-1839999999,4800000000,-245510000,-1440000000,2024-06-30,BAUT.JK,8260000000,-492550000,256870000000,185670000,185670000,61570000000,21860000000,195290000000,195250000000,57640000000,,25660000000,1080000000.0,217850000.0
,,,,,,,,2022-09-30,SIMA.JK,,,,,,,,,,,,,,
,,,,,,,,2022-12-31,SIMA.JK,,,,,,,,,,,,,,
,,,,,,,,2023-03-31,SIMA.JK,,,,,,,,,,,,,,
,,,,,,,,2023-06-30,SIMA.JK,,,,,,,,,,,,,,
,,,,,,,,2023-09-30,SIMA.JK,,,,,,,,,,,,,,
,,,,,,,,2023-12-31,SIMA.JK,,,,,,,,,,,,,,
,,,,,,,,2024-03-31,SIMA.JK,,,,,,,,,,,,,,
605950000000,479650000000,,,274930000000,11240000000,,479650000000,2022-12-31,CUAN.JK,479650000000,,1740000000000,254740000000,254740000000,465860000000,0,1280000000000,1100000000000,464000000000,,823650000000,,
503700000000,131650000000,124780000000.0,-27130000000.0,95660000000,11240000000,140060000000.0,131650000000,2023-03-31,CUAN.JK,311030000000,0.0,2160000000000,630340000000,630340000000,421390000000,0,1740000000000,1560000000000,419520000000,,830460000000,138940000000.0,111980000000.0
537159999999,85170000000,84730000000.0,-20760000000.0,73700000000,11240000000,92940000000.0,85170000000,2023-06-30,CUAN.JK,249350000000,0.0,2210000000000,572540000000,437680000000,410960000000,0,1800000000000,1630000000000,409090000000,,881970000000,-171270000000.0,-213640000000.0
117600000000,9260000000,6440000000.0,-1540000000.0,5880000000,11240000000,18010000000.0,9260000000,2023-09-30,CUAN.JK,58690000000,0.0,2290000000000,552010000000,552010000000,485450000000,0,1810000000000,1640000000000,483580000000,,948560000000,-15220000000.0,-35460000000.0
335660000000,86140000000,82880000000.0,-16760000000.0,63090000000,11240000000,96040000000.0,86140000000,2023-12-31,CUAN.JK,195410000000,-19100000000.0,3550000000000,939120000000,939120000000,1690000000000,1140000000000,1859999999999,1670000000000,729080000000,,1000000000000,30460000000.0,-59780000000.0
1350000000000,127150000000,526150000000.0,-8730000000.0,472300000000,11240000000,323010000000.0,127150000000,2024-03-31,CUAN.JK,307190000000,-79070000000.0,18120000000000,2570000000000,2570000000000,12930000000000,8070000000000,5190000000000,2210000000000,5660000000000,,9770000000000,-166410000000.0,-317440000000.0
3610000000000,181700000000,2580000000.0,-1970000000.0,-9670000000,11240000000,495740000000.0,181700000000,2024-06-30,CUAN.JK,738500000000,-224250000000.0,18950000000000,2880000000000,2880000000000,13590000000000,8640000000000,5360000000000,2550000000000,5000000000000,,10880000000000,642420000000.0,386750000000.0
8550000000,3360000000,3300000000,-749420000,2550000000,949870000,3590000000,3360000000,2022-12-31,IPAC.JK,,,39090000000,30060000000,30060000000,8550000000,0,30540000000,30540000000,,,,1640000000.0,1540000000.0
6050000000,-737530000,-516370000,52190000,-464180000,925000000,-506300000,-737530000,2023-03-31,IPAC.JK,,,38270000000,29320000000,29320000000,8189999999,0,30080000000,30080000000,,,,-639120000.0,-734680000.0
5570000000,402090000,834490000,-193080000,641410000,949870000,640230000,402090000,2023-06-30,IPAC.JK,,,38330000000,28620000000,28620000000,7610000000,0,30720000000,30720000000,,,,-627910000.0,-700900000.0
6600000000,59020000,329500000,-177550000,151950000,949870000,306920000,59020000,2023-09-30,IPAC.JK,,,40740000000,29940000000,29940000000,9610000000,0,31120000000,31110000000,,,,1350000000.0,1120000000.0
10580000000,3510000000,3300000000,-777160000,2390000000,949870000,3940000000,3510000000,2023-12-31,IPAC.JK,,,44560000000,31000000000,31000000000,9830000000,0,34730000000,33450000000,,,,3640000000.0,1060000000.0
6830000000,-2710000000,-2469999999,92910000,-2390000000,925000000,-2300000000,-2710000000,2024-03-31,IPAC.JK,,,44770000000,20450000000,20450000000,12230000000,0,32540000000,31060000000,,,,-273800000.0,-412040000.0
12520000000,1240000000,1290000000,33520000,1210000000,925000000,1750000000,1240000000,2024-06-30,IPAC.JK,,,45960000000,20690000000,20690000000,11900000000,0,34060000000,32270000000,,,,947720000.0,-10100000000.0
49060000000,1450000000,1550000000,-1040000000,505090000,1250000000,4650000000,1450000000,2022-12-31,DGNS.JK,22480000000,,239940000000,30550000000,28010000000,29510000000,14690000000,210430000000,210430000000,10490000000,,121560000000,6410000000.0,-4210000000.0
37640000000,-3680000000,-3440000000,-29590000,-3469999999,1250000000,81900000,-3680000000,2023-03-31,DGNS.JK,13670000000,-22820000.0,245940000000,24610000000,22060000000,38980000000,25740000000,206960000000,206960000000,12930000000,,143020000000,6720000000.0,-5610000000.0
33570000000,-4640000000,-4360000000,90470000,-4269999999,1250000000,-925710000,-4640000000,2023-06-30,DGNS.JK,10900000000,-27930000.0,242460000000,15770000000,13220000000,39770000000,24410000000,202690000000,202690000000,13660000000,,146790000000,-78560000.0,-7590000000.0
35900000000,-2900000000,-3010000000,102450000,-2910000000,1250000000,752200000,-2900000000,2023-09-30,DGNS.JK,12240000000,-58820000.0,253680000000,22240000000,19700000000,53900000000,38240000000,199780000000,199780000000,11030000000,,156340000000,6450000000.0,-3420000000.0
38580000000,-2810000000,-2760000000,-246340000,-3010000000,1250000000,691540000,-2810000000,2023-12-31,DGNS.JK,14830000000,-365670000.0,271480000000,11940000000,10240000000,75880000000,56760000000,195590000000,195590000000,14440000000,,183670000000,90680000.0,-8529999999.0
41750000000,668070000,217840000,0,217840000,1250000000,4320000000,668070000,2024-03-31,DGNS.JK,16860000000,-211330000.0,288300000000,8310000000,6620000000,92490000000,57220000000,195810000000,195810000000,31300000000,,192370000000,8510000000.0,-2500000000.0
39300000000,-120120000,-168920000,1110000000,940040000,1250000000,3560000000,-120120000,2024-06-30,DGNS.JK,15030000000,-210390000.0,290330000000,9670000000,8260000000,93940000000,61020000000,196400000000,196400000000,28350000000,,194760000000,3320000000.0,-1220000000.0
131770000000,4550000000,-6380000000,940690000,-5440000000,454060000,5570000000,4550000000,2022-12-31,OILS.JK,11670000000,-1380000000,157980000000,7960000000,7960000000,75190000000,52890000000,82790000000,82790000000,67980000000,,39500000000,16110000000.0,3000000000.0
133699999999,3130000000,1819999999,371150000,2250000000,454060000,4260000000,3130000000,2023-03-31,OILS.JK,10750000000,-2009999999,192490000000,6750000000,6750000000,96670000000,70540000000,95830000000,95830000000,88290000000,,49840000000,-30620000000.0,
162350000000,2080000000,1800000000,241780000,1370000000,454060000,3300000000,2080000000,2023-06-30,OILS.JK,9450000000,-1510000000,211350000000,8650000000,8650000000,114890000000,79020000000,96460000000,96460000000,106510000000,,51020000000,18140000000.0,
173600000000,-1340000000,3810000000,-2270000000,2150000000,454060000,-953680000,-1340000000,2023-09-30,OILS.JK,11450000000,-1830000000,185870000000,1750000000,1750000000,98720000000,73940000000,87150000000,87150000000,88790000000,,57030000000,-3270000000.0,1060000000.0
130699999999,4660000000,-3390000000,751340000,-2640000000,454060000,6300000000,4660000000,2023-12-31,OILS.JK,3690000000,-1980000000,199910000000,7910000000,7910000000,115420000000,92420000000,84490000000,84490000000,103760000000,,63840000000,3800000000.0,-3350000000.0
157360000000,1920000000,-396310000,31540000,-364760000,454060000,3730000000,1920000000,2024-03-31,OILS.JK,9720000000,-2230000000,209530000000,10610000000,10610000000,125410000000,94690000000,84120000000,84120000000,113750000000,,65830000000,948620000.0,-1150000000.0
153040000000,-209040000,3870000000,-801490000,3070000000,454060000,1730000000,-209040000,2024-06-30,OILS.JK,12580000000,-1950000000,208320000000,5710000000,5710000000,121120000000,99810000000,87190000000,87190000000,109460000000,,66700000000,-11470000000.0,-10710000000.0
676310000000,87750000000,30870000000,-8250000000,2910000000,1770000000,110350000000,87750000000,2022-12-31,OKAS.JK,148650000000,-54790000000,2780000000000,145440000000,145440000000,2580000000000,1500000000000,199990000000,-121550000000,1819999999999,,1589999999999,124500000000.0,110950000000.0
650810000000,137630000000,60730000000,-16489999999,12040000000,1770000000,157400000000,137630000000,2023-03-31,OKAS.JK,186140000000,-36840000000,2580000000000,115060000000,115060000000,2390000000000,1410000000000,191030000000,-103420000000,1710000000000,,1560000000000,36630000000.0,19040000000.0
653910000000,109940000000,98740000000,-32159999999,21960000000,1770000000,129910000000,109940000000,2023-06-30,OKAS.JK,196750000000,-46980000000,2670000000000,219650000000,219650000000,2380000000000,1350000000000,288490000000,-85010000000,1770000000000,,1560000000000,196570000000.0,179630000000.0
771520000000,105060000000,102240000000,-31150000000,32770000000,2370000000,127210000000,105060000000,2023-09-30,OKAS.JK,203010000000,-38780000000,2800000000000,196540000000,196540000000,2240000000000,1170000000000,559050000000,135280000000,1589999999999,,1580000000000,47770000000.0,18440000000.0
744200000000,93210000000,-46260000000,-11200000000,-46500000000,2370000000,116590000000,93210000000,2023-12-31,OKAS.JK,181620000000,-43240000000,2830000000000,144270000000,144270000000,2190000000000,1140000000000,642590000000,163460000000,1170000000000,,1609999999999,-45060000000.0,-75640000000.0
688080000000,128949999999,116520000000,-24770000000,41730000000,2370000000,153690000000,128949999999,2024-03-31,OKAS.JK,195000000000,-35400000000,2900000000000,139580000000,139580000000,2230000000000,1150000000000,667610000000,208490000000,1200000000000,,1640000000000,59830000000.0,42560000000.0
729290000000,143860000000,124020000000,-31660000000,36940000000,2370000000,169620000000,143860000000,2024-06-30,OKAS.JK,214130000000,-37630000000,2770000000000,72000000000,72000000000,1990000000000,1120000000000,773170000000,250180000000,998370000000,,1680000000000,16590000000.0,4310000000.0
39960000000,12680000000,13340000000,-2960000000,10380000000,384000000,,,2022-12-31,ASDM.JK,,-431380000,635350000000,,12910000000,270230000000,7320000000,365130000000,365130000000,,,,9980000000.0,9330000000.0
40780000000,5450000000,3510000000,-128330000,3380000000,384000000,,,2023-03-31,ASDM.JK,,-116690000,636900000000,,14380000000,268890000000,6440000000,368010000000,368010000000,,,,11660000000.0,9800000000.0
44900000000,6650000000,6420000000,-1130000000,5290000000,384000000,,,2023-06-30,ASDM.JK,,-151630000,619250000000,,27590000000,259110000000,5650000000,360140000000,360140000000,,,,13810000000.0,11120000000.0
38610000000,1630000000,3330000000,-1580000000,1760000000,384000000,,,2023-09-30,ASDM.JK,,-185630000,701210000000,,19450000000,339810000000,4870000000,361400000000,361400000000,,,,5760000000.0,5340000000.0
46840000000,10010000000,11420000000,-809040000,10610000000,192000000,,,2023-12-31,ASDM.JK,,-463380000,651220000000,,13690000000,279490000000,4080000000,371720000000,371720000000,,,,7650000000.0,685730000.0
45810000000,4260000000,5240000000,-650440000,4590000000,384000000,,,2024-03-31,ASDM.JK,,-151280000,720900000000,,14310000000,344750000000,3290000000,376150000000,376150000000,,,,-2810000000.0,-4269999999.0
48840000000,7390000000,7650000000,-1180000000,6470000000,384000000,,,2024-06-30,ASDM.JK,,-136530000,657300000000,,15790000000,290190000000,2480000000,367100000000,367100000000,,,,16230000000.0,15080000000.0
55420000000,-23370000000,-23220000000,-529640000,-18440000000,1090000000,-19820000000.0,-23370000000,2022-12-31,ICON.JK,-767690000,-3820000000.0,371250000000,5500000000,5500000000,150150000000,8550000000,221100000000,153950000000,145080000000,,235400000000,-16270000000.0,-17330000000.0
40740000000,-2500000000,-2280000000,50970000,-1060000000,1090000000,1320000000.0,-2500000000,2023-03-31,ICON.JK,14800000000,-362410000.0,356870000000,16710000000,16710000000,137990000000,8860000000,218880000000,152890000000,132400000000,,234810000000,14740000000.0,10290000000.0
42410000000,-9770000000,2810000000,0,1340000000,1090000000,,-9770000000,2023-06-30,ICON.JK,-9770000000,,352960000000,8529999999,8529999999,131270000000,9350000000,221690000000,154230000000,124520000000,,236520000000,-6300000000.0,-8750000000.0
43750000000,-97480000,4410000000,207,2960000000,1090000000,,-97480000,2023-09-30,ICON.JK,4860000000,-453650000.0,356280000000,8480000000,8480000000,130180000000,6300000000,226100000000,157200000000,125780000000,,244980000000,-2450000000.0,511490000.0
54480000000,-3560000000,-9640000000,-515740000,-8170000000,1090000000,-1370000000.0,-3560000000,2023-12-31,ICON.JK,5660000000,-3490000000.0,359740000000,4090000000,4090000000,144510000000,14990000000,215240000000,148660000000,133530000000,,244010000000,-3140000000.0,-2260000000.0
51020000000,-4200000000,-1270000000,0,-1530000000,1090000000,1810000000.0,-4200000000,2024-03-31,ICON.JK,-611130000,-157150000.0,357970000000,2610000000,2610000000,144020000000,10340000000,213940000000,147110000000,137330000000,,240590000000,318560000.0,130009999.0
49440000000,708260000,5990000000,0,4980000000,1090000000,5320000000.0,708260000,2024-06-30,ICON.JK,3890000000,-170500000.0,362910000000,7920000000,7920000000,142960000000,12370000000,219960000000,152110000000,136270000000,,241250000000,7110000000.0,7300000000.0
89740000000,37040000000,37800000000,-1310000000,36450000000,2350000000,44520000000,37040000000,2022-09-30,NELY.JK,42930000000,-630100000,660110000000,24860000000,16820000000,116270000000,79220000000,543840000000,543240000000,67069999999,,538250000000,36670000000.0,-50560000000.0
105150000000,52460000000,51330000000,-516760000,50810000000,2350000000,66800000000,52460000000,2022-12-31,NELY.JK,59100000000,-551080000,653430000000,30870000000,24550000000,69630000000,34860000000,583790000000,583180000000,35760000000,,507830000000,55610000000.0,36620000000.0
119130000000,54430000000,53610000000,-664240000,52930000000,2350000000,66720000000,54430000000,2023-03-31,NELY.JK,61580000000,-1060000000,739900000000,20840000000,14680000000,103220000000,58440000000,636680000000,636050000000,57770000000,,581190000000,39180000000.0,-40080000000.0
145430000000,64959999999,63250000000,-1580000000,61620000000,2350000000,78020000000,64959999999,2023-06-30,NELY.JK,73890000000,-956080000,743850000000,12190000000,6390000000,92560000000,47550000000,651290000000,650600000000,50200000000,,616930000000,97130000000.0,54330000000.0
122910000000,62490000000,63850000000,-387250000,63450000000,2350000000,78960000000,62490000000,2023-09-30,NELY.JK,69270000000,-974580000,804390000000,60110000000,53740000000,89690000000,44630000000,714700000000,713990000000,50060000000,,646220000000,84670000000.0,47890000000.0
134880000000,69020000000,51560000000,-661820000,50910000000,2350000000,80620000000,69020000000,2023-12-31,NELY.JK,76300000000,-855080000,829250000000,59800000000,53070000000,99000000000,44140000000,730260000000,729560000000,60580000000,,667780000000,114250000000.0,37290000000.0
105400000000,52580000000,51750000000,-364340000,51380000000,2350000000,68420000000,52580000000,2024-03-31,NELY.JK,60830000000,-812220000,865380000000,96250000000,90390000000,83800000000,41000000000,781580000000,780870000000,48380000000,,667270000000,46760000000.0,39540000000.0
1810000000,-115440000,-46790000,0,-46790000,6630000000,183980000,-115440000,2022-12-31,REAL.JK,732270000,-1280000,352270000000,1120000000,1120000000,814440000,0,351460000000,351460000000,583140000,,172200000000,-15080000.0,-15080000.0
2370000000,50040000,49030000,0,49030000,6630000000,349450000,50040000,2023-03-31,REAL.JK,671810000,-1200000,352560000000,986410000,986410000,1060000000,0,351500000000,351500000000,828980000,,171900000000,-129509999.0,-129509999.0
1760000000,9800000,7370000,0,7370000,6630000000,296790000,9800000,2023-06-30,REAL.JK,525090000,-2930000,352750000000,356260000,356260000,1240000000,0,351510000000,351510000000,1010000000,,173240000000,-630150000.0,-630150000.0
2610000000,28460000,27020000,0,27020000,6630000000,327880000,28460000,2023-09-30,REAL.JK,745630000,-1710000,352890000000,564630000,564630000,1350000000,0,351540000000,351540000000,1120000000,,175900000000,208370000.0,208370000.0
1630000000,-82560000,94360000,0,94360000,6630000000,216850000,-82560000,2023-12-31,REAL.JK,365670000,-2550000,352930000000,464610000,464610000,1250000000,0,351690000000,351690000000,1030000000,,177840000000,-100020000.0,-100020000.0
1430000000,-49980000,26020000,0,26020000,6630000000,249440000,-49980000,2024-03-31,REAL.JK,270850000,-2410000,364390000000,667040000,667040000,12670000000,0,351710000000,351710000000,12460000000,,309960000000,202430000.0,
2450000000,312790000,205260000,0,205260000,6630000000,612210000,312790000,2024-06-30,REAL.JK,682200000,-256380000,367020000000,348960000,348960000,15100000000,0,351920000000,351920000000,14880000000,,313590000000,-318080000.0,
71170000000,8900000000,9480000000,-2680000000,6310000000,1350000000,9100000000,8900000000,2022-12-31,SEMA.JK,15900000000,-817140000,233260000000,11020000000,11020000000,88410000000,35850000000,144840000000,134070000000,80100000000,,35750000000,5130000000.0,-991480000.0
26800000000,3620000000,3370000000,-648520000,2840000000,1350000000,3880000000,3620000000,2023-03-31,SEMA.JK,8020000000,-1020000000,249780000000,4980000000,4980000000,102180000000,34930000000,147600000000,136940000000,94480000000,,38030000000,-2620000000.0,-5160000000.0
34320000000,2029999999,1510000000,-241930000,1240000000,1350000000,2250000000,2029999999,2023-06-30,SEMA.JK,7810000000,-705580000,256890000000,4290000000,4290000000,108020000000,34390000000,148870000000,138180000000,100920000000,,39610000000,1640000000.0,1359999999.0
54830000000,2990000000,3070000000,-631440000,2420000000,1350000000,3300000000,2990000000,2023-09-30,SEMA.JK,7560000000,-1110000000,314820000000,4490000000,4490000000,163510000000,52750000000,151310000000,140610000000,156790000000,,42780000000,-14960000000.0,-15630000000.0
103610000000,8660000000,8670000000,-1810000000,6510000000,1350000000,8870000000,8660000000,2023-12-31,SEMA.JK,12290000000,-992040000,285130000000,9150000000,9150000000,127100000000,52240000000,158040000000,146980000000,120650000000,,43670000000,6480000000.0,5700000000.0
31000000000,1750000000,2040000000,-324940000,1960000000,1350000000,2120000000,1750000000,2024-03-31,SEMA.JK,7340000000,-1670000000,242690000000,4360000000,4360000000,82940000000,58890000000,159750000000,148940000000,77350000000,,44760000000,-10000000000.0,-10130000000.0
29820000000,2940000000,2410000000,-625630000,1790000000,1350000000,3310000000,2940000000,2024-06-30,SEMA.JK,8310000000,-1300000000,251280000000,2770000000,2770000000,89750000000,68820000000,161540000000,150730000000,84920000000,,46130000000,-9770000000.0,-9920000000.0
357130000000,-48000000000,-22090000000,4500000000,-17590000000,2230000000,-43900000000,-48000000000,2022-12-31,WICO.JK,25940000000,-3020000000,436470000000,10040000000,10040000000,419390000000,187520000000,17079999999,17050000000,409750000000,,74540000000,-49570000000.0,-45930000000.0
366310000000,-25360000000,-27580000000,-2180000000,-29760000000,2230000000,-22580000000,-25360000000,2023-03-31,WICO.JK,34290000000,-3380000000,461340000000,19190000000,19190000000,474020000000,187400000000,-12680000000,-12710000000,464010000000,,77650000000,10940000000.0,8990000000.0
368480000000,-35840000000,-38640000000,-2969999999,-41610000000,2230000000,-33140000000,-35840000000,2023-06-30,WICO.JK,31790000000,-3360000000,418660000000,4330000000,4330000000,472950000000,187400000000,-54290000000,-54310000000,465470000000,,80820000000,-13260000000.0,-14860000000.0
363110000000,-34140000000,-36320000000,5140000000,-31170000000,2390000000,-29980000000,-34140000000,2023-09-30,WICO.JK,33040000000,-2880000000,351940000000,8470000000,8470000000,337170000000,107530000000,14780000000,14750000000,329800000000,,82880000000,-14380000000.0,-16160000000.0
325200000000,801400000,-65560000,-8420000000,-8480000000,2390000000,3780000000,801400000,2023-12-31,WICO.JK,30080000000,-2100000000,319170000000,12200000000,12200000000,313470000000,130020000000,5700000000,5680000000,307340000000,,81960000000,-18360000000.0,-18780000000.0
366060000000,-17850000000,-18320000000,-738490000,-19060000000,1839999999,-15760000000,-17850000000,2024-03-31,WICO.JK,40790000000,-2600000000,377720000000,12050000000,12050000000,391080000000,161220000000,-13360000000,-13380000000,384070000000,,81530000000,-32159999999.0,-32890000000.0
320070000000,-33700000000,-34710000000,1010000000,-33689999999,2390000000,-30840000000,-33700000000,2024-06-30,WICO.JK,27020000000,-3590000000,352410000000,9620000000,9620000000,399460000000,175480000000,-47050000000,-47070000000,392140000000,,96950000000,-1130000000.0,-15270000000.0
620020000000,13750000000,19740000000,1910000000,21670000000,353220000,16760000000,13750000000,2022-12-31,BAYU.JK,35180000000,-27330000.0,792980000000,460250000000,457430000000,377060000000,390400000,415910000000,413620000000,355990000000,,135910000000,75140000000.0,74540000000.0
590690000000,15990000000,19990000000,-3810000000,16190000000,353220000,17410000000,15990000000,2023-03-31,BAYU.JK,33830000000,-13580000.0,762840000000,475290000000,472490000000,359360000000,219810000,403490000000,401210000000,338280000000,,105930000000,17480000000.0,17380000000.0
587770000000,22390000000,27410000000,-5340000000,22080000000,353220000,23980000000,22390000000,2023-06-30,BAYU.JK,41800000000,-422930.0,782650000000,494800000000,492000000000,364860000000,86820000,417780000000,415520000000,342750000000,,97980000000,19550000000.0,18320000000.0
489510000000,18540000000,23730000000,-4480000000,19260000000,353220000,20030000000,18540000000,2023-09-30,BAYU.JK,38170000000,-140090.0,793020000000,473850000000,471040000000,376030000000,16270000,416990000000,414730000000,353860000000,,95150000000,-3430000000.0,-4250000000.0
506740000000,9970000000,15640000000,-2380000000,13280000000,353220000,11390000000,9970000000,2023-12-31,BAYU.JK,37380000000,-13560.0,883540000000,541299999999,538480000000,431770000000,0,451770000000,449530000000,408860000000,,119100000000,72220000000.0,68000000000.0
633960000000,21390000000,26560000000,-5180000000,21400000000,353220000,22830000000,21390000000,2024-03-31,BAYU.JK,42350000000,,898770000000,596950000000,594130000000,452820000000,0,445950000000,443730000000,429730000000,,91950000000,56460000000.0,54650000000.0
651860000000,30500000000,36780000000,-6950000000,29840000000,353220000,31960000000,30500000000,2024-06-30,BAYU.JK,53490000000,0.0,929980000000,618530000000,615710000000,459260000000,0,470720000000,468520000000,412710000000,,86600000000,24820000000.0,23400000000.0
40450000000,-29040000000,-48320000000,0,-49200000000,1500000000,-28880000000.0,-29040000000,2022-12-31,PTDU.JK,-23030000000,-2510000000,277140000000,31730000000,31730000000,208030000000,132919999999,69110000000,65209999999,174600000000,,100180000000,18330000000.0,18350000000.0
27180000000,3050000000,540500000,0,540660000,966670000,3250000000.0,3050000000,2023-03-31,PTDU.JK,7750000000,-2500000000,273130000000,4019999999,4019999999,203480000000,115780000000,69650000000,65760000000,201600000000,,99980000000,-24070000000.0,
11850000000,-13310000000,-15150000000,0,-15150000000,1500000000,-12610000000.0,-13310000000,2023-06-30,PTDU.JK,-10110000000,-1620000000,253850000000,1480000000,1480000000,199340000000,115750000000,54510000000,50610000000,163120000000,,99790000000,10620000000.0,
43800000000,7410000000,-12100000000,0,-12100000000,1500000000,,7410000000,2023-09-30,PTDU.JK,10960000000,-3340000000,250310000000,9990000000,9990000000,207910000000,127560000000,42400000000,38510000000,149620000000,,99610000000,-3490000000.0,-3490000000.0
35780000000,14590000000,-7070000000,0,-7070000000,1500000000,14770000000.0,14590000000,2023-12-31,PTDU.JK,17630000000,-616940000,210140000000,696860000,696860000,174730000000,112390000000,35420000000,31520000000,135169999999,,97750000000,6260000000.0,6260000000.0
11820000000,-1310000000,-15060000000,0,-15020000000,966670000,-1140000000.0,-1310000000,2024-03-31,PTDU.JK,779420000,-1580000000,197470000000,282970000,282970000,177110000000,111170000000,20360000000,16500000000,105420000000,,97590000000,739380000.0,733230000.0
490350000,-22420000000,-9550000000,0,-9550000000,1500000000,-22260000000.0,-22420000000,2024-06-30,PTDU.JK,-20740000000,-156250000,191870000000,247390000,247390000,181060000000,111100000000,10800000000,6939999999,69670000000,,97440000000,330260000.0,336410000.0
18000000000,561090000,-475680000,0,-611990000,2200000000,639640000,561090000,2022-12-31,NZIA.JK,7290000000,-777070000,605500000000,25470000000,25470000000,92720000000,53500000000,512780000000,493620000000,29110000000,,386890000000,1030000000.0,-758810000.0
19850000000,1620000000,1010000000,0,287240000,2200000000,1720000000,1620000000,2023-03-31,NZIA.JK,7230000000,-698780000,598870000000,26690000000,26690000000,85090000000,50050000000,513780000000,493900000000,25030000000,,383160000000,6000000000.0,4850000000.0
4150000000,-3760000000,-4300000000,0,-3830000000,2200000000,-3630000000,-3760000000,2023-06-30,NZIA.JK,1090000000,-685040000,619480000000,44130000000,44130000000,109990000000,78630000000,509490000000,490070000000,24850000000,,383360000000,-5330000000.0,-6100000000.0
16309999999,-657340000,-877130000,0,-1359999999,2200000000,-509490000,-657340000,2023-09-30,NZIA.JK,6350000000,-683910000,617950000000,41950000000,41950000000,109340000000,77140000000,508610000000,488710000000,25970000000,,380970000000,721550000.0,-111700000.0
4780000000,-2210000000,-4600000000,0,-4230000000,2200000000,-2040000000,-2210000000,2023-12-31,NZIA.JK,1780000000,-2380000000,608020000000,28660000000,28660000000,104050000000,76240000000,503980000000,484450000000,19730000000,,382430000000,-12420000000.0,-13330000000.0
13550000000,-3490000000,-4590000000,0,-4460000000,2200000000,-3310000000,-3490000000,2024-03-31,NZIA.JK,2310000000,-1250000000,591770000000,23370000000,23370000000,92380000000,66190000000,499390000000,479990000000,19940000000,,379660000000,6820000000.0,6080000000.0
27780000000,2930000000,1870000000,0,1020000000,2200000000,3110000000,2930000000,2024-06-30,NZIA.JK,11250000000,-1180000000,593010000000,21640000000,21640000000,91740000000,59870000000,501260000000,481010000000,23020000000,,374640000000,2040000000.0,1720000000.0
40000000000,16690000000,11010000000,-1580000000,10100000000,1839999999,20260000000,16690000000,2022-12-31,OASA.JK,31620000000,-1090000000.0,293780000000,3000000000,2980000000,207340000000,8990000000,86440000000,86850000000,136699999999,,178750000000,24360000000.0,-99560000000.0
10280000000,883180000,894480000,-142950000,766730000,5990000000,2069999999,883180000,2023-03-31,OASA.JK,8070000000,-286080000.0,746990000000,54470000000,8449999999,82420000000,8449999999,664570000000,664990000000,29590000000,,156190000000,-143570000000.0,-143670000000.0
10500000000,181450000,727940000,-1080000000,-344850000,6350000000,1990000000,181450000,2023-06-30,OASA.JK,7640000000,-227840000.0,745110000000,13100000000,10080000000,88310000000,7890000000,656800000000,657120000000,34970000000,,153750000000,70000000000.0,-335050000000.0
9540000000,670880000,809550000,-1060000000,-264550000,6350000000,1990000000,670880000,2023-09-30,OASA.JK,7240000000,,740090000000,47040000000,44010000000,83550000000,7320000000,656550000000,656860000000,33610000000,,151170000000,41290000000.0,37360000000.0
13840000000,-9190000000,902380000,1510000000,2800000000,6350000000,-8260000000,-9190000000,2023-12-31,OASA.JK,1170000000,,760390000000,19990000000,18480000000,93750000000,6710000000,666640000000,667440000000,44590000000,,395980000000,-370660000000.0,-109390000000.0
22770000000,3070000000,2570000000,-1450000000,1310000000,6350000000,4390000000,3070000000,2024-03-31,OASA.JK,10410000000,-373780000.0,766150000000,9600000000,9600000000,98400000000,16540000000,667750000000,668750000000,43740000000,,396560000000,-4440000000.0,-7750000000.0
17160000000,-291730000,-1060000000,740240000,-180030000,6350000000,638360000,-291730000,2024-06-30,OASA.JK,7640000000,-476350000.0,769830000000,2330000000,2330000000,102400000000,15790000000,667430000000,668570000000,46340000000,,396340000000,-5530000000.0,-19690000000.0
52310000000,5730000000,5980000000,-1470000000,4510000000,1200000000,13500000000,5730000000,2022-12-31,CAKK.JK,5730000000,-1550000000,447970000000,15330000000,1920000000,195450000000,105290000000,252520000000,252520000000,168480000000,,320830000000,-12870000000.0,-11660000000.0
55370000000,1400000000,625490000,0,625100000,1200000000,9290000000,1400000000,2023-03-31,CAKK.JK,6550000000,-1800000000,471980000000,1420000000,1420000000,218830000000,130720000000,253150000000,253150000000,162510000000,,318220000000,-35120000000.0,-39350000000.0
41490000000,-4390000000,-6900000000,0,-6910000000,1200000000,3520000000,-4390000000,2023-06-30,CAKK.JK,-3090000000,-2560000000,464680000000,495860000,495860000,218440000000,142570000000,246240000000,246240000000,160740000000,,314480000000,-8750000000.0,-12770000000.0
58890000000,-8830000000,-11080000000,-487530000,-11570000000,1200000000,-646070000,-8830000000,2023-09-30,CAKK.JK,-1390000000,-2740000000,466090000000,513320000,513320000,249620000000,157250000000,216480000000,216480000000,185830000000,,317630000000,12350000000.0,-14900000000.0
52880000000,-12910000000,-16670000000,428880000,-16239999999,1200000000,-6040000000,-12910000000,2023-12-31,CAKK.JK,-2570000000,-3440000000,466020000000,920560000,920560000,265350000000,177040000000,200670000000,200680000000,194310000000,,323170000000,-8119999999.0,-18430000000.0
49210000000,-9230000000,17850000000,0,17850000000,1200000000,-2080000000,-9230000000,2024-03-31,CAKK.JK,-993490000,-2660000000,478970000000,3770000000,3770000000,260450000000,160020000000,218520000000,218530000000,189950000000,,332790000000,-5780000000.0,-16350000000.0
54550000000,-12690000000,-16559999999,0,-16559999999,1200000000,-5580000000,-12690000000,2024-06-30,CAKK.JK,-6220000000,-3040000000,475460000000,2180000000,2180000000,273500000000,177240000000,201960000000,201970000000,201330000000,,329230000000,-13900000000.0,-18840000000.0
7970000000000,532460000000,140000000000,-303080000000,-177620000000,6370000000,,,2022-12-31,SMMA.JK,,-489440000000,110570000000000,,8660000000000,86890000000000,10690000000000,23680000000000,21200000000000,,,,-2890000000000.0,-2960000000000.0
6680000000000,789540000000,326490000000,-15820000000,294850000000,6370000000,,,2023-03-31,SMMA.JK,,-377580000000,109720000000000,,5620000000000,85910000000000,10970000000000,23810000000000,21300000000000,,,,-955910000000.0,-1050000000000.0
4910000000000,786960000000,282270000000,-48980000000,217020000000,6370000000,,,2023-06-30,SMMA.JK,,-489550000000,106590000000000,,5689999999999,82370000000000,11810000000000,24220000000000,21620000000000,,,,-3270000000000.0,-3370000000000.0
6890000000000,1589999999999,1020000000000,-66860000000,926910000000,6370000000,,,2023-09-30,SMMA.JK,,-579660000000,109220000000000,,9950000000000,83800000000000,10580000000000,25420000000000,22910000000000,,,,-344170000000.0,-416990000000.0
7770000000000,-60320000000,-348040000000,36120000000,-269839999999,6370000000,,,2023-12-31,SMMA.JK,,-526270000000,110030000000000,,14470000000000,85200000000000,10480000000000,24830000000000,22280000000000,,,,-1040000000000.0,-1160000000000.0
6120000000000,554630000000,133150000000,-20110000000,113200000000,6370000000,,,2024-03-31,SMMA.JK,,-423710000000,109680000000000,,8760000000000,83830000000000,9730000000000,25840000000000,23420000000000,,,,693960000000.0,631310000000.0
6000000000000,778290000000,254550000000,-26790000000,208970000000,6370000000,,,2024-06-30,SMMA.JK,,-648140000000,109120000000000,,7180000000000,83920000000000,10840000000000,25200000000000,23000000000000,,,,-124190000000.0,-190670000000.0
20430000000000,5689999999999,5900000000000,-1220000000000,4620000000000,37300000000,,,2022-12-31,BBNI.JK,,,1029839999999999,,,889640000000000,77040000000000,140199999999999,135820000000000,,145760000000000,,14400000000000.0,14540000000000.0
19430000000000,6190000000000,6140000000000,-1190000000000,5220000000000,37280000000,,,2023-03-31,BBNI.JK,,,1012360000000000,,,867300000000000,81800000000000,145060000000000,140710000000000,,122190000000000,,7910000000000.0,7280000000000.0
20280000000000,5950000000000,6250000000000,-1110000000000,5080000000000,37280000000,,,2023-06-30,BBNI.JK,,,1025089999999999,,,881620000000000,69819999999999,143470000000000,139000000000000,,123220000000000,,5090000000000.0,4540000000000.0
21130000000000,6440000000000,6670000000000,-1180000000000,5450000000000,37260000000,,,2023-09-30,BBNI.JK,,,1009310000000000,,,862090000000000,69050000000000,147220000000000,142780000000000,,90500000000000,,11310000000000.0,10630000000000.0
20870000000000,5870000000000,6260000000000,-1050000000000,5160000000000,37260000000,,,2023-12-31,BBNI.JK,,,1086660000000000,,,931930000000000,72840000000000,154730000000000,150130000000000,,115890000000000,,12420000000000.0,11930000000000.0
20970000000000,6070000000000,6070000000000,-1080000000000,5330000000000,37270000000,,,2024-03-31,BBNI.JK,,,1066720000000000,,,917010000000000,74410000000000,149700000000000,145090000000000,,89160000000000,,5570000000000.0,5270000000000.0
21150000000000,6100000000000,6490000000000,-1080000000000,5370000000000,37280000000,,,2024-06-30,BBNI.JK,,,1072450000000000,,,918380000000000,97560000000000,154070000000000,149470000000000,,74390000000000,,-76400000000000.0,-77200000000000.0
,,,,,,,,2022-09-30,MYRX.JK,,,,,,,,,,,,,,
,,,,,,,,2022-12-31,MYRX.JK,,,,,,,,,,,,,,
,,,,,,,,2023-03-31,MYRX.JK,,,,,,,,,,,,,,
,,,,,,,,2023-06-30,MYRX.JK,,,,,,,,,,,,,,
,,,,,,,,2023-09-30,MYRX.JK,,,,,,,,,,,,,,
,,,,,,,,2023-12-31,MYRX.JK,,,,,,,,,,,,,,
,,,,,,,,2024-03-31,MYRX.JK,,,,,,,,,,,,,,
123250000000,10000000000,-13900000000,1970000000,-11940000000,720000000,17720000000,10000000000,2022-12-31,AKSI.JK,22260000000,-2140000000,366150000000,86090000000,86090000000,188460000000,80350000000,177690000000,177160000000,118790000000,,187260000000,-11540000000.0,-26680000000.0
106390000000,2430000000,2740000000,-1940000000,790170000,720000000,10380000000,2430000000,2023-03-31,AKSI.JK,19280000000,-1920000000,352100000000,63390000000,63390000000,173670000000,71430000000,178440000000,177910000000,102640000000,,203430000000,8119999999.0,-2520000000.0
89250000000,-4660000000,-3710000000,-958260000,-4660000000,720000000,3690000000,-4660000000,2023-06-30,AKSI.JK,11440000000,-1740000000,331450000000,43550000000,43550000000,158850000000,62050000000,172600000000,172080000000,73190000000,,206810000000,1180000000.0,-10410000000.0
106220000000,-6950000000,7970000000,-2620000000,5330000000,720000000,1130000000,-6950000000,2023-09-30,AKSI.JK,6090000000,-1460000000,320320000000,58550000000,58550000000,142150000000,53300000000,178180000000,177650000000,68569999999,,198310000000,23310000000.0,23140000000.0
129620000000,13060000000,14350000000,-4040000000,10270000000,720000000,21520000000,13060000000,2023-12-31,AKSI.JK,20600000000,-1410000000,321350000000,63300000000,63300000000,132880000000,45500000000,188470000000,187910000000,82520000000,,188680000000,10670000000.0,11070000000.0
123430000000,-4059999999,944710000,-1330000000,-386360000,720000000,4230000000,-4059999999,2024-03-31,AKSI.JK,9350000000,-1760000000,356850000000,98050000000,98050000000,168750000000,66860000000,188100000000,187540000000,101590000000,,184650000000,20470000000.0,20300000000.0
98800000000,-5630000000,-10400000000,214550000,-10120000000,720000000,2690000000,-5630000000,2024-06-30,AKSI.JK,5040000000,-1560000000,323120000000,91110000000,91110000000,145120000000,57820000000,178000000000,177510000000,69290000000,,182840000000,-2250000000.0,-4000000000.0
10330000000,-692730000,-1730000000,59350000,-1680000000,435000000,1030000000,-692730000,2022-12-31,TRUK.JK,1660000000,-223100000,70850000000,867420000,867420000,16420000000,8700000000,54430000000,54430000000,10320000000,,62340000000,1940000000.0,-2810000000.0
10490000000,-896510000,-1150000000,73930000,-1070000000,435000000,780540000,-896510000,2023-03-31,TRUK.JK,1660000000,-204120000,69850000000,896700000,896700000,16489999999,8439999999,53370000000,53370000000,10510000000,,60660000000,431950000.0,312970000.0
10060000000,-705180000,-802220000,146610000,-655610000,435000000,926910000,-705180000,2023-06-30,TRUK.JK,1680000000,-167420000,69220000000,794020000,794020000,16500000000,8410000000,52720000000,52720000000,10580000000,,59020000000,-18030000.0,-59800000.0
12780000000,460470000,13630000,-99510000,-85870000,435000000,2080000000,460470000,2023-09-30,TRUK.JK,2310000000,-171420000,67980000000,1290000000,1290000000,15350000000,6970000000,52640000000,52640000000,9310000000,,57570000000,1950000000.0,1950000000.0
10050000000,-1520000000,-1770000000,116150000,-1650000000,435000000,91810000,-1520000000,2023-12-31,TRUK.JK,1350000000,-168220000,65400000000,884450000,884450000,14280000000,6080000000,51120000000,51120000000,8320000000,,55700000000,663050000.0,653300000.0
17370000000,-343670000,-582820000,75880000,-506950000,435000000,1260000000,-343670000,2024-03-31,TRUK.JK,2490000000,-189940000,68110000000,2100000000,2100000000,17450000000,7010000000,50660000000,50650000000,11490000000,,54150000000,254130000.0,228840000.0
11110000000,-939300000,-1000000000,110610000,-892630000,435000000,676330000,-939300000,2024-06-30,TRUK.JK,1650000000,-153940000,63710000000,3630000000,3630000000,13910000000,6330000000,49800000000,49800000000,7990000000,,51130000000,877910000.0,277320000.0
365270000000,262380000000,264320000000,0,264320000000,1210000000,262620000000,262380000000,2022-09-30,UANG.JK,288610000000,-751980000.0,1520000000000,448280000000,448280000000,1260000000000,523360000000,251730000000,251730000000,751000000000,,717890000000,,
365270000000,287700000000,264180000000,0,264180000000,1210000000,288470000000,287700000000,2023-03-31,UANG.JK,306510000000,-7950000000.0,1480000000000,238370000000,238370000000,1240000000000,361230000000,244530000000,244520000000,922820000000,,692610000000,13410000000.0,13240000000.0
5390000000,-23580000000,21550000000,0,21550000000,1210000000,-22930000000,-23580000000,2023-06-30,UANG.JK,-2469999999,,1550000000000,106380000000,106380000000,1280000000000,356480000000,266070000000,266070000000,924970000000,,691040000000,-70750000000.0,-70970000000.0
147210000000,13860000000,17870000000,0,17870000000,1210000000,14860000000,13860000000,2023-09-30,UANG.JK,34630000000,-61070000.0,1480000000000,112760000000,112760000000,1200000000000,370820000000,283940000000,283940000000,845050000000,,627950000000,84200000000.0,84170000000.0
21170000000,-56510000000,-39720000000,0,-42370000000,1210000000,-55670000000,-56510000000,2023-12-31,UANG.JK,-21750000000,-366190000.0,1460000000000,116880000000,116880000000,1220000000000,395190000000,241740000000,241740000000,838630000000,,833360000000,-118240000000.0,-118380000000.0
213880000000,114750000000,119760000000,0,119760000000,1210000000,115580000000,114750000000,2024-03-31,UANG.JK,140060000000,-624980000.0,1460000000000,116870000000,116870000000,1100000000000,415300000000,361510000000,361500000000,700010000000,,735400000000,-4640000000.0,-5170000000.0
15660000000,-19790000000,-25370000000,0,-27580000000,1210000000,-18940000000,-19790000000,2024-06-30,UANG.JK,7320000000,-959350000.0,1680000000000,217310000000,217310000000,1350000000000,429150000000,328850000000,323920000000,936460000000,,847330000000,-129690000000.0,-130120000000.0
18510000000,1110000000,1220000000,0,664150000,1300000000,1490000000,1110000000,H1 '21-12-31,LFLO.JK,5689999999,-22970000,65400000000,3280000000,3280000000,25390000000,407960000,40010000000,40000000000,24760000000,,5610000000,-31040000000.0,-31130000000.0
28350000000,652630000,1000000000,-497010000,1060000000,1300000000,1280000000,652630000,H2 '21-12-31,LFLO.JK,7970000000,-108410000,59380000000,5850000000,5850000000,18840000000,318340000,40540000000,40530000000,18370000000,,8430000000,5340000000.0,3300000000.0
22640000000,206490000,951240000,0,951240000,1300000000,867630000,206490000,H1 '22-12-31,LFLO.JK,7760000000,-80600000,68980000000,8010000000,8010000000,27490000000,250000000,41490000000,41480000000,27020000000,,8950000000,4410000000.0,3330000000.0
42030000000,3910000000,3210000000,-746840000,2540000000,1310000000,4650000000,3910000000,H2 '22-12-31,LFLO.JK,16540000000,-112310000,84750000000,9460000000,9460000000,39410000000,196430000,45330000000,44800000000,38980000000,,8660000000,789010000.0,458790000.0
34670000000,635970000,2240000000,0,2270000000,1310000000,1440000000,635970000,H1 '23-12-31,LFLO.JK,12790000000,-136890000,97740000000,8029999999,8029999999,50240000000,142860000,47500000000,46970000000,49710000000,,8480000000,-1080000000.0,-1680000000.0
46080000000,9860000000,9290000000,-2650000000,6570000000,1310000000,11060000000,9860000000,H2 '23-12-31,LFLO.JK,23030000000,-272900000,110800000000,16290000000,16290000000,56650000000,1000000000,54150000000,53570000000,55830000000,,10780000000,12080000000.0,10160000000.0
45050000000,6480000000,7610000000,0,7610000000,1310000000,7360000000,6480000000,H1 '24-12-31,LFLO.JK,22030000000,-305490000,144300000000,14510000000,14510000000,82530000000,919610000,61770000000,61190000000,81720000000,,10090000000,-1140000000.0,-1420000000.0
209690000000,3660000000,3480000000,0,3480000000,60000,3930000000,3660000000,2021-09-30,UVCR.JK,8270000000,-220950000,108490000000,26330000000,26330000000,23100000000,4410000000,85390000000,85390000000,18870000000,,36560000000,,
346370000000,1410000000,2510000000,-1839999999,664910000,2000000000,1550000000,1410000000,2021-12-31,UVCR.JK,12320000000,-314890000,96170000000,17020000000,17020000000,17970000000,4260000000,78210000000,78210000000,13280000000,,30960000000,,
182670000000,3340000000,5460000000,-1090000000,4370000000,2000000000,3710000000,3340000000,2024-03-31,UVCR.JK,11320000000,-99700000,138730000000,2719999999,2719999999,39050000000,10870000000,99680000000,99680000000,34180000000,,40500000000,-12270000000.0,-12270000000.0
178620000000,445100000,2060000000,-507620000,1560000000,2000000000,832900000,445100000,2024-06-30,UVCR.JK,9560000000,-688190000,176050000000,14480000000,14480000000,75500000000,47070000000,100550000000,100550000000,70940000000,,40660000000,-23860000000.0,-24270000000.0
4720000000,3340000000,2260000000,-8690000,2260000000,3110000000,,3340000000,2022-12-31,VAST.JK,,,276580000000,846320000,846320000,77970000000,37980000000,198610000000,198610000000,,,,,
6480000000,4160000000,3719999999,-2049999,3719999999,2410000000,4230000000.0,4160000000,2023-03-31,VAST.JK,,,328760000000,15160000000,15160000000,59210000000,17530000000,269550000000,269550000000,,,,1470000000.0,1450000000.0
5900000000,2210000000,1900000000,-13820000,1880000000,3060000000,2280000000.0,2210000000,2023-06-30,VAST.JK,,,320120000000,8550000000,546760000,48680000000,15550000000,271430000000,271430000000,,,,-2300000000.0,-2320000000.0
6490000000,3560000000,3370000000,-28340000,3340000000,3060000000,3719999999.0,3560000000,2023-09-30,VAST.JK,,,320850000000,10120000000,10120000000,46090000000,10170000000,274769999999,274769999999,,,,7090000000.0,7070000000.0
6810000000,3220000000,89830000000,15720000,89850000000,3060000000,3320000000.0,3220000000,2023-12-31,VAST.JK,,,521460000000,11280000000,3280000000,156720000000,74250000000,364740000000,364740000000,,,,7600000000.0,7570000000.0
8980000000,3300000000,1870000000,-4500000,1870000000,3060000000,3400000000.0,3300000000,2024-03-31,VAST.JK,,,514169999999,4680000000,4680000000,147560000000,71430000000,366610000000,366610000000,,,,-3900000000.0,-3969999999.0
9240000000,4939999999,3630000000,-5380000,3620000000,3060000000,5050000000.0,4939999999,2024-06-30,VAST.JK,,,510500000000,1430000000,1430000000,140270000000,86880000000,370230000000,370230000000,,,,-3180000000.0,-3290000000.0
709670000000,65250000000,20690000000,-10150000000,10530000000,4160000000,82010000000,65250000000,2022-12-31,VOKS.JK,120230000000,-31550000000,2670000000000,239680000000,202940000000,1950000000000,865460000000,719100000000,719100000000,1839999999999,,755960000000,258190000000.0,234060000000.0
649790000000,34730000000,21990000000,-4760000000,17240000000,4160000000,50560000000,34730000000,2023-03-31,VOKS.JK,99800000000,-21930000000,2840000000000,149180000000,112740000000,2100000000000,995310000000,736330000000,736330000000,1890000000000,,758350000000,-217660000000.0,-217670000000.0
706330000000,-6240000000,-20740000000,6210000000,-14530000000,4160000000,10310000000,-6240000000,2023-06-30,VOKS.JK,59900000000,-27510000000,2800000000000,77880000000,59350000000,2080000000000,1020000000000,720740000000,720740000000,1880000000000,,799560000000,-44630000000.0,-71290000000.0
841930000000,91900000000,44840000000,-12870000000,31970000000,4160000000,108110000000,91900000000,2023-09-30,VOKS.JK,155860000000,-31930000000,2980000000000,96740000000,63450000000,2220000000000,956860000000,752710000000,752710000000,2060000000000,,829960000000,64660000000.0,51010000000.0
857400000000,6900000000,-15310000000,-1350000000,-16660000000,4160000000,23180000000,6900000000,2023-12-31,VOKS.JK,80950000000,-9180000000,2620000000000,258490000000,234740000000,1890000000000,992830000000,735880000000,735880000000,1470000000000,,669290000000,144060000000.0,130150000000.0
494810000000,31360000000,61400000000,-16140000000,45260000000,4160000000,45270000000,31360000000,2024-03-31,VOKS.JK,70210000000,-21920000000,2580000000000,618570000000,589710000000,1859999999999,1050000000000,719590000000,719590000000,1470000000000,,548820000000,204670000000.0,204670000000.0
492960000000,40310000000,-68080000000,-4910000000,-72990000000,4160000000,50310000000,40310000000,2024-06-30,VOKS.JK,93780000000,-17650000000,2220000000000,296510000000,262550000000,1510000000000,953500000000,708150000000,708150000000,1130000000000,,519000000000,-227130000000.0,-229640000000.0
89190000000,12250000000,-8850000000,5360000000,-3490000000,5689999999,17610000000,12250000000,2022-12-31,VRNA.JK,,,2469999999999,102600000000,102600000000,1780000000000,1690000000000,689900000000,689900000000,,,,21340000000.0,17220000000.0
90770000000,36600000000,14040000000,-1430000000,12610000000,5689999999,41290000000,36600000000,2023-03-31,VRNA.JK,,,2460000000000,50240000000,50240000000,1750000000000,1670000000000,701380000000,701380000000,,,,-29510000000.0,-33580000000.0
96170000000,40430000000,15540000000,-131280000,15410000000,5689999999,44720000000,40430000000,2023-06-30,VRNA.JK,,,2580000000000,38030000000,38030000000,1859999999999,1780000000000,716970000000,716970000000,,,,-115120000000.0,-117260000000.0
102440000000,46010000000,18640000000,196720000,18840000000,5689999999,50450000000,46010000000,2023-09-30,VRNA.JK,,,2770000000000,33880000000,33880000000,2040000000000,1960000000000,735350000000,735350000000,,,,-175690000000.0,-180640000000.0
111980000000,43450000000,13020000000,1280000000,14300000000,5689999999,47920000000,43450000000,2023-12-31,VRNA.JK,,,2790000000000,50360000000,50360000000,2040000000000,1970000000000,750480000000,750480000000,,,,9330000000.0,10030000000.0
114950000000,40760000000,9490000000,-1340000000,8150000000,5689999999,45320000000,40760000000,2024-03-31,VRNA.JK,,,2940000000000,39430000000,39430000000,2190000000000,2109999999999,757590000000,757590000000,,,,-151640000000.0,-152990000000.0
114880000000,38920000000,6540000000,1170000000,7710000000,5689999999,43430000000,38920000000,2024-06-30,VRNA.JK,,,3060000000000,40880000000,40880000000,2290000000000,2210000000000,765170000000,765170000000,,,,-100910000000.0,-104010000000.0
14830000000,2820000000,3500000000,-499460000,2960000000,1040000000,3990000000,2820000000,H1 '23-12-31,WGSH.JK,6500000000,,60250000000,19430000000,17570000000,5660000000,665730000,54590000000,54170000000,4990000000,,29550000000,-3710000000.0,-11920000000.0
18310000000,2100000000,1890000000,-437050000,1500000000,1040000000,3150000000,2100000000,H2 '23-12-31,WGSH.JK,6070000000,,58060000000,18210000000,16180000000,1950000000,487770000,56110000000,55740000000,1390000000,,31890000000,4099999999.0,3680000000.0
20020000000,2280000000,2310000000,-354550000,1960000000,1040000000,3430000000,2280000000,H1 '24-12-31,WGSH.JK,5830000000,,63150000000,19000000000,16989999999,6040000000,2719999999,57120000000,56740000000,5520000000,,32549999999,-1310000000.0,-1900000000.0
510520000000,-13540000000,-8520000000,2840000000,-5500000000,1910000000,-10930000000.0,-13540000000,2022-12-31,YELO.JK,-10580000000,0,1040000000000,21830000000,21830000000,430700000000,0,605590000000,603360000000,6340000000,,889470000000,7290000000.0,4120000000.0
327830000000,3570000000,4630000000,123100000,4640000000,1910000000,5010000000.0,3570000000,2023-03-31,YELO.JK,6360000000,0,1040000000000,17640000000,17640000000,428340000000,0,610340000000,608000000000,3969999999,,875080000000,-18250000000.0,-18270000000.0
210380000000,2719999999,3530000000,-2620000000,811360000,1910000000,3550000000.0,2719999999,2023-06-30,YELO.JK,7400000000,0,1050000000000,17730000000,17730000000,751680000000,0,297320000000,294880000000,750310000000,,870580000000,15460000000.0,14170000000.0
109970000000,1380000000,1900000000,-1270000000,558080000,1910000000,4150000000.0,1380000000,2023-09-30,YELO.JK,4740000000,0,1050000000000,18500000000,18500000000,755070000000,0,297940000000,295420000000,753580000000,,877010000000,3590000000.0,807550000.0
122880000000,-11980000000,-10390000000,3600000000,-6580000000,1910000000,,-11980000000,2023-12-31,YELO.JK,-8109999999,0,300470000000,19100000000,19100000000,9260000000,0,291210000000,288900000000,7640000000,,128259999999,8860000000.0,1040000000.0
88170000000,1060000000,1710000000,-371030000,1330000000,1910000000,1609999999.0,1060000000,2024-03-31,YELO.JK,4600000000,0,305820000000,17520000000,17520000000,13270000000,0,292550000000,290230000000,11650000000,,128509999999,-758430000.0,-1580000000.0
88860000000,1150000000,729910000,28460000,760200000,1910000000,1630000000.0,1150000000,2024-06-30,YELO.JK,4510000000,0,296070000000,20960000000,20960000000,3790000000,0,292280000000,289960000000,2320000000,,107660000000,-7220000000.0,-12840000000.0
175260000000,19280000000,14240000000,-3760000000,10470000000,870170000,40520000000,19280000000,2022-12-31,ZONE.JK,72190000000,-4640000000,651780000000,4910000000,4910000000,304930000000,179170000000,346850000000,346840000000,199170000000,,277000000000,5910000000.0,-3150000000.0
152810000000,27870000000,23550000000,-5210000000,18350000000,870170000,48460000000,27870000000,2023-03-31,ZONE.JK,85530000000,-5340000000,734590000000,1200000000,1200000000,369340000000,203130000000,365250000000,365240000000,246390000000,,293180000000,476680000.0,-6920000000.0
245870000000,36930000000,32360000000,-7170000000,25190000000,870170000,59050000000,36930000000,2023-06-30,ZONE.JK,107200000000,-5810000000,684050000000,2069999999,2069999999,293610000000,183610000000,390440000000,390430000000,169020000000,,305190000000,27690000000.0,20240000000.0
144060000000,8880000000,2620000000,-632570000,1980000000,870170000,32330000000,8880000000,2023-09-30,ZONE.JK,63450000000,-6150000000,726660000000,2570000000,2570000000,352060000000,203280000000,374610000000,374200000000,221680000000,,315860000000,20730000000.0,10740000000.0
192720000000,6780000000,2029999999,-579360000,1450000000,870170000,33110000000,6780000000,2023-12-31,ZONE.JK,63590000000,-6080000000,752960000000,4620000000,4620000000,376870000000,192580000000,376090000000,375680000000,238300000000,,327210000000,52380000000.0,40620000000.0
214870000000,28270000000,22280000000,-5200000000,17079999999,870170000,53570000000,28270000000,2024-03-31,ZONE.JK,87190000000,-6300000000,735080000000,9330000000,9330000000,341690000000,162430000000,393380000000,392970000000,225140000000,,312710000000,48480000000.0,42820000000.0
190150000000,3880000000,-2009999999,-65290000,-2069999999,870170000,29050000000,3880000000,2024-06-30,ZONE.JK,72580000000,-5190000000,661740000000,3500000000,3500000000,269680000000,181590000000,392050000000,391150000000,139860000000,,305200000000,878640000.0,-7360000000.0
440010000000,-15270000000,-11680000000,-14140000000,-25820000000,20220000000,,,2022-12-31,INPC.JK,,,25440000000000,,,21430000000000,218640000000,4000000000000,4000000000000,,3780000000000,,424400000000.0,420900000000.0
377920000000,28010000000,33680000000,0,33680000000,20220000000,,,2023-03-31,INPC.JK,,,23900000000000,,,19860000000000,215550000000,4040000000000,4040000000000,,3790000000000,,118180000000.0,106140000000.0
441610000000,55370000000,53890000000,0,53890000000,20220000000,,,2023-06-30,INPC.JK,,,24070000000000,,,19970000000000,221820000000,4099999999999,4099999999999,,3950000000000,,58450000000.0,53530000000.0
548870000000,44280000000,38220000000,0,38220000000,20220000000,,,2023-09-30,INPC.JK,,,24290000000000,,,20170000000000,230560000000,4120000000000,4120000000000,,3930000000000,,486880000000.0,478150000000.0
411320000000,59560000000,57570000000,-36600000000,20970000000,20220000000,,,2023-12-31,INPC.JK,,,26100000000000,,,21930000000000,536960000000,4170000000000,4170000000000,,3310000000000,,118580000000.0,112230000000.0
452100000000,37830000000,36810000000,0,36810000000,20220000000,,,2024-03-31,INPC.JK,,,26090000000000,,,21880000000000,341350000000,4210000000000,4210000000000,,3690000000000,,116390000000.0,114150000000.0
513049999999,35680000000,33700000000,0,33700000000,20220000000,,,2024-06-30,INPC.JK,,,28510000000000,,,24270000000000,250260000000,4240000000000,4240000000000,,4980000000000,,211270000000.0,207820000000.0
9320000000,-6590000000,-9060000000,1810000000,-7250000000,817000000,-1859999999,-6590000000,2022-12-31,MPOW.JK,-4530000000,-136910000,201070000000,7450000000,5870000000,76710000000,75110000000,124360000000,124360000000,58420000000,,187000000000,6820000000.0,6820000000.0
8220000000,311280000,3130000000,-705150000,2430000000,817000000,5030000000,311280000,2023-03-31,MPOW.JK,1990000000,-134169999,194340000000,6890000000,6040000000,67709999999,66129999999,126630000000,126630000000,48200000000,,181220000000,5440000000.0,5360000000.0
8500000000,-405410000,-308820000,42480000,-266339999,817000000,4320000000,-405410000,2023-06-30,MPOW.JK,1480000000,-113240000,189740000000,6110000000,5260000000,63520000000,61870000000,126210000000,126210000000,48650000000,,176120000000,3190000000.0,3170000000.0
5840000000,-2320000000,-4219999999,937770000,-3290000000,817000000,2410000000,-2320000000,2023-09-30,MPOW.JK,-826170000,-103430000,184400000000,6410000000,5550000000,61630000000,59390000000,122780000000,122780000000,51570000000,,172060000000,4640000000.0,4460000000.0
6260000000,-2960000000,-2680000000,452780000,-2220000000,817000000,3460000000,-2960000000,2023-12-31,MPOW.JK,-1250000000,-90470000,179970000000,6900000000,6040000000,59110000000,55830000000,120870000000,120870000000,52140000000,,167980000000,4210000000.0,4210000000.0
8100000000,-965750000,-2410000000,496640000,-1920000000,817000000,4110000000,-965750000,2024-03-31,MPOW.JK,842810000,-78510000,178770000000,4710000000,3250000000,60020000000,55770000000,118750000000,118750000000,51400000000,,163840000000,-72360000.0,-735360000.0
10550000000,2320000000,436320000,-167040000,269280000,817000000,7360000000,2320000000,2024-06-30,MPOW.JK,3719999999,-67870000,175310000000,4840000000,3380000000,56290000000,53460000000,119020000000,119020000000,50490000000,,157830000000,4219999999.0,4219999999.0
2750000000,-544660000,9540000000,-512610000,9030000000,4380000000,937050000,-544660000,2022-12-31,INDO.JK,756840000,,980540000000,615550000000,305330000000,2240000000,603450000,978310000000,978300000000,1760000000,,343760000000,-929140000.0,-7060000000.0
2370000000,620810000,39510000000,-51720000,39460000000,4360000000,766320000,620810000,2023-03-31,INDO.JK,1609999999,,1020000000000,589630000000,246950000000,1980000000,603450000,1020000000000,1020000000000,1510000000,,407790000000,2160000000.0,-62010000000.0
3810000000,432780000,-32030000000,-196040000,-32220000000,4380000000,594110000,432780000,2023-06-30,INDO.JK,3040000000,-226020000.0,987880000000,554000000000,249360000000,2340000000,603450000,985550000000,985540000000,1690000000,,412490000000,3630000000.0,-1230000000.0
3610000000,355290000,3850000000,-97630000,3750000000,4380000000,870140000,355290000,2023-09-30,INDO.JK,2230000000,,995240000000,559690000000,264310000000,5950000000,603450000,989290000000,989290000000,4870000000,,413820000000,5810000000.0,2060000000.0
7760000000,-2020000000,1800000000,-435100000,1359999999,4380000000,-729370000,-2020000000,2023-12-31,INDO.JK,4930000000,,1000000000000,516030000000,216530000000,4570000000,1380000000,999710000000,999700000000,3370000000,,471620000000,12360000000.0,-40330000000.0
5190000000,1030000000,2830000000,-132600000,2690000000,4380000000,1690000000,1030000000,2024-03-31,INDO.JK,3230000000,,1010000000000,513909999999,214410000000,3440000000,1380000000,1000000000000,1000000000000,2240000000,,477000000000,3920000000.0,3700000000.0
5820000000,1839999999,10490000000,-213230000,10270000000,4380000000,2510000000,1839999999,2024-06-30,INDO.JK,2550000000,-482960000.0,1020000000000,524690000000,225190000000,3950000000,1380000000,1010000000000,1010000000000,2690000000,,477350000000,5689999999.0,2820000000.0
5820000000000,474180000000,558600000000,-128190000000,406870000000,76220000000,,,2022-12-31,BNII.JK,,,160810000000000,,,131280000000000,19390000000000,29530000000000,29050000000000,,13710000000000,,979480000000.0,881680000000.0
3260000000000,743360000000,749730000000,-164500000000,565530000000,76220000000,,,2023-03-31,BNII.JK,,,161540000000000,,,132009999999999,21770000000000,29530000000000,29050000000000,,12630000000000,,949630000000.0,854230000000.0
3320000000000,517059999999,516150000000,-113910000000,394240000000,76220000000,,,2023-06-30,BNII.JK,,,165620000000000,,,135580000000000,18970000000000,30040000000000,29550000000000,,11190000000000,,585380000000.0,459350000000.0
3320000000000,389080000000,389950000000,-86630000000,286680000000,76220000000,,,2023-09-30,BNII.JK,,,170050000000000,,,140009999999999,19190000000000,30040000000000,29530000000000,,12950000000000,,893630000000.0,856950000000.0
3680000000000,691300000000,698850000000,-171890000000,496960000000,76220000000,,,2023-12-31,BNII.JK,,,171800000000000,,,141010000000000,19390000000000,30800000000000,30260000000000,,12220000000000,,799650000000.0,569880000000.0
3420000000000,-263950000000,-265230000000,57680000000,-227940000000,76220000000,,,2024-03-31,BNII.JK,,,177650000000000,,,147160000000000,23030000000000,30490000000000,29960000000000,,10950000000000,,400850000000.0,300680000000.0
3590000000000,550920000000,548470000000,-181840000000,356420000000,76220000000,,,2024-06-30,BNII.JK,,,189160000000000,,,159240000000000,31540000000000,29920000000000,29380000000000,,13360000000000,,-20330000000.0,-143670000000.0
64120000000,4090000000,3730000000,-625340000,3100000000,4120000000,4269999999,4090000000,2022-06-30,HAJJ.JK,5020000000,-221510000,,,,,,,,,,,7020000000.0,6980000000.0
128470000000,-3510000000,-4280000000,921070000,-3360000000,4120000000,-3460000000,-3510000000,2022-12-31,HAJJ.JK,-2020000000,-250520000,78560000000.0,3430000000.0,3430000000.0,29830000000.0,1780000000.0,48730000000.0,48730000000.0,18300000000.0,,11340000000.0,,
105680000000,5600000000,5080000000,-1120000000,3969999999,2109999999,5740000000,5600000000,2023-03-31,HAJJ.JK,7030000000,-252310000,,,,,,,,,,,3220000000.0,2640000000.0
123980000000,14710000000,15640000000,-3530000000,12110000000,2290000000,14890000000,14710000000,2023-06-30,HAJJ.JK,18650000000,-94560000,173540000000.0,3830000000.0,3830000000.0,15340000000.0,763930000.0,158200000000.0,158200000000.0,11140000000.0,,12240000000.0,-87040000000.0,-87390000000.0
84160000000,4130000000,1250000000,-189680000,1060000000,2290000000,4150000000,4130000000,2023-09-30,HAJJ.JK,8430000000,-369900000,209180000000.0,747660000.0,747660000.0,50020000000.0,16700000000.0,159150000000.0,159150000000.0,46630000000.0,,12420000000.0,-17990000000.0,-18080000000.0
306060000000,13010000000,12700000000,-2800000000,9900000000,2290000000,13150000000,13010000000,2024-03-31,HAJJ.JK,15950000000,-296050000,188680000000.0,1000000000.0,1000000000.0,32130000000.0,18250000000.0,156560000000.0,156560000000.0,28140000000.0,,12200000000.0,321280000.0,321280000.0
125000000000,18270000000,17760000000,-3920000000,13840000000,2290000000,18520000000,18270000000,2024-06-30,HAJJ.JK,22150000000,-344450000,212590000000.0,4160000000.0,4160000000.0,42180000000.0,17970000000.0,170400000000.0,170400000000.0,38110000000.0,,12040000000.0,3430000000.0,3430000000.0
140650000000,11050000000,10970000000,-2220000000,8750000000,2600000000,13570000000,11050000000,H1 '24-12-31,KING.JK,20440000000,-974250000,161020000000,65410000000,20410000000,58800000000,21930000000,102220000000,102210000000,50040000000,,25720000000,-3060000000.0,-11390000000.0
45510000000,6330000000,4890000000,0,4890000000,3380000000,,6330000000,2022-03-31,MUTU.JK,20520000000,-562280000,,,,,,,,,,,5500000000.0,-710280000.0
59420000000,11290000000,10570000000,-2410000000,8140000000,3380000000,,11290000000,2023-03-31,MUTU.JK,25000000000,-1160000000,160690000000.0,22560000000.0,22560000000.0,81310000000.0,46280000000.0,79380000000.0,79260000000.0,30630000000.0,,85400000000.0,8930000000.0,2060000000.0
45700000000,2089999999,364310000,-206880000,150700000,3380000000,,2089999999,2023-06-30,MUTU.JK,21300000000,-722900000,,,,,,,,,,,2740000000.0,-16360000000.0
84600000000,8710000000,7820000000,-4920000000,2790000000,3140000000,9760000000.0,8710000000,2023-12-31,MUTU.JK,44750000000,-2100000000,275450000000.0,94400000000.0,45610000000.0,74850000000.0,39260000000.0,200590000000.0,200390000000.0,33240000000.0,,94370000000.0,,
60510000000,6350000000,5880000000,-1490000000,4470000000,2200000000,9790000000.0,6350000000,2024-03-31,MUTU.JK,25340000000,-705740000,282090000000.0,78260000000.0,31670000000.0,77510000000.0,37440000000.0,204580000000.0,204460000000.0,35840000000.0,,130330000000.0,26770000000.0,-5140000000.0
66860000000,8930000000,8039999999,-1130000000,6810000000,3140000000,11120000000.0,8930000000,2024-06-30,MUTU.JK,33200000000,-1340000000,282420000000.0,57380000000.0,12600000000.0,80370000000.0,36220000000.0,202050000000.0,201820000000.0,41890000000.0,,145450000000.0,-18750000000.0,-27960000000.0
14200000000,3220000000,3390000000,8590000,3400000000,5730000000,3290000000,3220000000,2023-12-31,RELF.JK,,,296540000000,11640000000,11640000000,67480000000,33189999999,229060000000,229060000000,,,,,
24680000000,905050000,1150000000,13400000,1160000000,10610000000,1569999999.0,905050000,2022-12-31,MAXI.JK,7740000000,-903960000.0,157150000000,9750000000,9750000000,49230000000,37480000000,107910000000,107910000000,10780000000,,118490000000,26460000000.0,23030000000.0
19100000000,-628570000,-1980000000,56340000,-1920000000,10610000000,,-628570000,2023-03-31,MAXI.JK,5080000000,,154770000000,2780000000,2780000000,48720000000,37590000000,106050000000,106050000000,11610000000,,116490000000,,
27510000000,5540000000,4510000000,-56340000,4460000000,9610000000,,5540000000,2023-06-30,MAXI.JK,10460000000,,201670000000,48820000000,48820000000,46740000000,37670000000,154930000000,154930000000,10090000000,,121680000000,,
19360000000,-1010000000,-1350000000,0,-1350000000,9610000000,245150000.0,-1010000000,2023-09-30,MAXI.JK,4800000000,-788100000.0,195150000000,47840000000,47840000000,44640000000,34890000000,150510000000,150510000000,9000000000,,120440000000,7580000000.0,4550000000.0
16820000000,-4070000000,-4350000000,193520000,-4150000000,9160000000,-2810000000.0,-4070000000,2023-12-31,MAXI.JK,3360000000,-694040000.0,188980000000,23600000000,23600000000,40720000000,33060000000,148250000000,148250000000,7400000000,,120640000000,-10070000000.0,-15010000000.0
26550000000,944310000,502480000,0,502480000,9610000000,2190000000.0,944310000,2024-03-31,MAXI.JK,7840000000,-697340000.0,220950000000,32490000000,32490000000,72190000000,47230000000,148760000000,148760000000,41230000000,,136009999999,11350000000.0,-5300000000.0
32360000000,1880000000,1670000000,0,1670000000,9610000000,3140000000.0,1880000000,2024-06-30,MAXI.JK,8369999999,-940360000.0,217480000000,14280000000,14280000000,67050000000,56620000000,150430000000,150430000000,38050000000,,136699999999,-25660000000.0,-27590000000.0
11670000000,-28930000000,-33340000000,6310000000,-27040000000,3240000000,-25510000000.0,-28930000000,2022-12-31,NPGF.JK,-16520000000.0,-4320000000,367960000000,509070000,509070000,195650000000,159130000000,172310000000,172310000000,193720000000,,206490000000,-4600000000.0,-13810000000.0
7200000000,-47240000000,22660000000,0,22660000000,3240000000,-45770000000.0,-47240000000,2023-03-31,NPGF.JK,-26120000000.0,-8340000000,270529999999,104650000000,104650000000,75560000000,63840000000,194970000000,194970000000,58530000000,,71120000000,-31250000000.0,-50780000000.0
1569999999,-4800000000,127640000,0,127640000,3240000000,-4550000000.0,-4800000000,2023-06-30,NPGF.JK,,-847560000,227330000000,1040000000,1040000000,32229999999,22120000000,195100000000,195100000000,30610000000,,128710000000,28830000000.0,-60940000000.0
10830000000,27940000000,4420000000,23190000,4440000000,3240000000,,27940000000,2023-09-30,NPGF.JK,,-612760000,237000000000,5170000000,5170000000,37460000000,30860000000,199540000000,199540000000,35840000000,,109320000000,-22990000000.0,23090000000.0
32689999999,-13590000000,39340000000,-6430000000,32900000000,3240000000,-12220000000.0,-13590000000,2023-12-31,NPGF.JK,1330000000.0,-642660000,272269999999,1200000000,1200000000,39840000000,28740000000,232440000000,232440000000,37240000000,,79320000000,-61720000000.0,-40740000000.0
22440000000,-44210000,-2510000000,552050000,-1950000000,3240000000,1140000000.0,-44210000,2024-03-31,NPGF.JK,5330000000.0,-871240000,266079999999,2570000000,2570000000,35600000000,28190000000,230480000000,230480000000,33350000000,,78700000000,1920000000.0,1920000000.0
29540000000,4620000000,3870000000,-850360000,3020000000,3240000000,5780000000.0,4620000000,2024-06-30,NPGF.JK,7220000000.0,-858950000,266670000000,541880000,541880000,33170000000,27900000000,233490000000,233490000000,31080000000,,76680000000,-1730000000.0,-1730000000.0
596660000000,82170000000,19240000000,12430000000,31670000000,2350000000,100080000000,82170000000,2022-09-30,PMMP.JK,135560000000,-39030000000,4510000000000,258910000000,184580000000,3250000000000,2670000000000,1250000000000,1250000000000,3180000000000,,618460000000,-67750000000.0,-106060000000.0
781060000000,-38010000000,-34259999999,18140000000,-16120000000,2350000000,-16290000000,-38010000000,2022-12-31,PMMP.JK,64040000000,-35790000000,4630000000000,362720000000,258769999999,3370000000000,2780000000000,1270000000000,1270000000000,3260000000000,,775110000000,204110000000.0,55330000000.0
839900000000,96850000000,58810000000,-19150000000,39660000000,2350000000,116800000000,96850000000,2023-03-31,PMMP.JK,171290000000,-31570000000,4490000000000,346280000000,274760000000,3230000000000,2650000000000,1260000000000,1260000000000,3130000000000,,822310000000,125060000000.0,32490000000.0
668310000000,35560000000,7680000000,-1750000000,5930000000,2350000000,48000000000,35560000000,2023-06-30,PMMP.JK,53630000000,-46720000000,4520000000000,337570000000,265970000000,3250000000000,2700000000000,1260000000000,1260000000000,3100000000000,,806220000000,-72010000000.0,-79530000000.0
771920000000,94230000000,56800000000,-30210000000,26600000000,2350000000,112460000000,94230000000,2023-09-30,PMMP.JK,148290000000,-39120000000,4620000000000,330590000000,264130000000,3290000000000,2920000000000,1330000000000,1330000000000,3150000000000,,861190000000,21560000000.0,-27900000000.0
578080000000,-36770000000,-100110000000,27130000000,-72980000000,2350000000,-10760000000,-36770000000,2023-12-31,PMMP.JK,83920000000,-43530000000,4610000000000,342550000000,276150000000,3360000000000,2950000000000,1250000000000,1250000000000,3220000000000,,840670000000,-135100000000.0,-135100000000.0
776640000000,86890000000,26130000000,0,26130000000,2590000000,99270000000,86890000000,2024-03-31,PMMP.JK,132110000000,-53670000000,5000000000000,396790000000,299080000000,3600000000000,3210000000000,1400000000000,1400000000000,3450000000000,,852050000000,-80200000000.0,-206120000000.0
5450000000,-1540000000,-1589999999,376380000,-1210000000,1000000000,-1070000000.0,-2250000000,2022-12-31,LABA.JK,-1480000000,-118010000,66269999999,326660000,326660000,7620000000,3570000000,58650000000,58650000000,3620000000,,34380000000,1300000000.0,-487920000.0
3220000000,-1940000000,-2080000000,0,-2080000000,883330000,-1270000000.0,-1940000000,2023-03-31,LABA.JK,2920000,-155230000,63330000000,301540000,301540000,6770000000,3350000000,56570000000,56570000000,2770000000,,33580000000,255600000.0,198080000.0
2410000000,-1819999999,-1940000000,0,-1940000000,1000000000,-799540000.0,-1819999999,2023-06-30,LABA.JK,-343010000,-47810000,64150000000,220600000,220600000,9520000000,3120000000,54630000000,54630000000,5520000000,,37150000000,1140000000.0,142270000.0
2469999999,197770000,117360000,0,117360000,1010000000,982610000.0,197770000,2023-09-30,LABA.JK,1430000000,-80920000,60280000000,183050000,183050000,5530000000,2900000000,54750000000,54750000000,1569999999,,42080000000,9380000000.0,184850000.0
3010000000,-873880000,-938640000,901340000,-37290000,1010000000,46660000.0,-873880000,2023-12-31,LABA.JK,50040000,-81950000,58620000000,207890000,207890000,3910000000,2680000000,54710000000,54710000000,1960000000,,41980000000,-9860000000.0,-10000000000.0
1560000000,-1090000000,-1170000000,0,-1170000000,883330000,-269110000.0,-1090000000,2024-03-31,LABA.JK,-161110000,-78710000,57980000000,655220000,655220000,4440000000,2460000000,53550000000,53550000000,2490000000,,41160000000,666490000.0,666490000.0
1290000000,-1410000000,-1490000000,0,-1490000000,1010000000,,-1410000000,2024-06-30,LABA.JK,840910000,-74370000,69490000000,11410000000,11410000000,3630000000,2230000000,65870000000,65870000000,1830000000,,41180000000,-2820000000.0,-2830000000.0
99180000000,12680000000,21170000000,-143080000,21050000000,3620000000.0,22650000000,12680000000,2022-12-31,BESS.JK,20560000000,-4939999999,772670000000,141230000000,141230000000,280310000000,166130000000,492350000000,489070000000,181430000000,,558800000000,32509999999.0,32049999999.0
82290000000,19200000000,19320000000,-1500000000,17820000000,,29060000000,19200000000,2023-03-31,BESS.JK,25890000000,-4360000000,724940000000,100850000000,100850000000,213830000000,146830000000,511110000000,507820000000,113220000000,,552170000000,26950000000.0,26880000000.0
97320000000,17310000000,18590000000,373350000,18970000000,3440000000.0,27180000000,17310000000,2023-06-30,BESS.JK,32470000000,-3890000000,710600000000,125050000000,125050000000,180740000000,127880000000,529870000000,526580000000,58650000000,,543460000000,70620000000.0,70540000000.0
82420000000,14970000000,14560000000,-270560000,14290000000,3440000000.0,24840000000,14970000000,2023-09-30,BESS.JK,25620000000,-3350000000,685390000000,103600000000,103600000000,140800000000,109110000000,544590000000,541309999999,39000000000,,530280000000,-2580000000.0,-2630000000.0
101710000000,31050000000,28620000000,-248410000,28350000000,3440000000.0,40920000000,31050000000,2023-12-31,BESS.JK,45040000000,-2810000000,689800000000,116330000000,116330000000,117270000000,90670000000,572540000000,569230000000,74520000000,,520970000000,28170000000.0,27810000000.0
66069999999,-1520000000,-3840000000,-6100000000,-9940000000,3440000000.0,8369999999,-1520000000,2024-03-31,BESS.JK,8539999999,-2290000000,669200000000,95120000000,95120000000,106130000000,73980000000,563070000000,559750000000,63080000000,,509080000000,-635260000.0,-1080000000.0
48450000000,-5090000000,-8430000000,-131030000,-8570000000,3440000000.0,4730000000,-5090000000,2024-06-30,BESS.JK,6910000000,-1859999999,641140000000,82640000000,82640000000,86110000000,57670000000,555020000000,551700000000,39760000000,,496350000000,672810000.0,658610000.0
59850000000,19380000000,9570000000,-5790000000,3790000000,1890000000,27210000000,19380000000,2022-12-31,GTRA.JK,27520000000,-11010000000,684830000000,8760000000,8760000000,488840000000,457460000000,195990000000,195980000000,117090000000,,611070000000,10120000000.0,11390000000.0
69700000000,20440000000,9680000000,-3630000000,6060000000,1520000000,27590000000,20440000000,2023-03-31,GTRA.JK,31690000000,-12910000000,737310000000,25750000000,25750000000,482220000000,442920000000,255090000000,255080000000,86470000000,,639550000000,10980000000.0,-26180000000.0
78410000000,23310000000,8170000000,-3010000000,5160000000,1890000000,31830000000,23310000000,2023-06-30,GTRA.JK,35180000000,-15170000000,813610000000,11050000000,11050000000,553360000000,514590000000,260250000000,260240000000,96810000000,,711430000000,-5620000000.0,-59190000000.0
87370000000,27590000000,10630000000,-4320000000,6320000000,1890000000,37380000000,27590000000,2023-09-30,GTRA.JK,38450000000,-16170000000,921720000000,12850000000,12850000000,655150000000,609370000000,266570000000,266560000000,108810000000,,810770000000,25560000000.0,-92220000000.0
107040000000,34210000000,17100000000,-1200000000,15890000000,1890000000,45020000000,34210000000,2023-12-31,GTRA.JK,47250000000,-17290000000,941310000000,16059999999,16059999999,659150000000,606710000000,282160000000,282140000000,121190000000,,820130000000,28660000000.0,23790000000.0
107280000000,32240000000,13750000000,-3710000000,10030000000,1890000000,42270000000,32240000000,2024-03-31,GTRA.JK,46250000000,-18510000000,1010000000000,60300000000,60300000000,717060000000,664480000000,292190000000,292170000000,126300000000,,831010000000,7050000000.0,-15050000000.0
104530000000,29050000000,11600000000,-2460000000,9130000000,1890000000,37920000000,29050000000,2024-06-30,GTRA.JK,41550000000,-17660000000,973190000000,8770000000,8770000000,671860000000,603700000000,301330000000,301310000000,135650000000,,823800000000,10290000000.0,8750000000.0
43580000000,9170000000,7080000000,-230240000,6850000000,1440000000,9710000000.0,9170000000,2022-06-30,TOYS.JK,10170000000,-1960000000,371880000000,1530000000,1530000000,109420000000,86380000000,262459999999,262459999999,103690000000,,14190000000,-481500000.0,-481500000.0
36880000000,2620000000,-2900000000,322430000,-2580000000,1440000000,3170000000.0,2620000000,2022-09-30,TOYS.JK,4680000000,-1560000000,369930000000,2210000000,2210000000,110050000000,86340000000,259880000000,259880000000,100330000000,,14380000000,532580000.0,532580000.0
45600000000,1440000000,2130000000,-284890000,1850000000,1440000000,1980000000.0,1440000000,2022-12-31,TOYS.JK,7790000000,-2009999999,362960000000,2330000000,2330000000,102270000000,82130000000,260690000000,260690000000,98650000000,,13380000000,2230000000.0,2230000000.0
29770000000,3100000000,2160000000,-1460000000,701470000,1440000000,3640000000.0,3100000000,2023-03-31,TOYS.JK,7730000000,-978620000,364830000000,1819999999,1819999999,103440000000,82100000000,261390000000,261390000000,100010000000,,13370000000,-710290000.0,-710290000.0
12600000000,-1580000000,-3680000000,1170000000,-2510000000,1440000000,-1310000000.0,-1580000000,2023-06-30,TOYS.JK,-368830000,-1960000000,360890000000,1480000000,1480000000,102010000000,82660000000,258880000000,258880000000,98850000000,,12760000000,-195830000.0,-195830000.0
10030000000,-7330000000,-10340000000,490490000,-9850000000,1440000000,-6920000000.0,-7330000000,2023-09-30,TOYS.JK,-6920000000,-3260000000,354820000000,1240000000,1240000000,105790000000,99930000000,249030000000,249030000000,102200000000,,12250000000,-169030000.0,-169030000.0
8039999999,-2950000000,-3400000000,1440000000,-1960000000,1440000000,,-2950000000,2023-12-31,TOYS.JK,6330000000,-305330000,356890000000,992730000,992730000,109240000000,85490000000,247660000000,247660000000,105880000000,,14280000000,-285980000.0,
46210000000,25100000,-187000000,-382200000,-523809999,2029999999,1200000000.0,25100000,2022-09-30,ELIT.JK,8840000000,-178580000,,,,,,,,,,,6000000000.0,4650000000.0
65239999999,4480000000,5340000000,-1520000000,3850000000,2029999999,,4480000000,2023-03-31,ELIT.JK,19360000000,-286820000,221590000000.0,40680000000.0,40680000000.0,107710000000.0,30330000000.0,113880000000.0,113980000000.0,66800000000.0,,96420000000.0,-15970000000.0,-39690000000.0
80160000000,3350000000,3800000000,-550720000,3280000000,2029999999,6670000000.0,3350000000,2023-06-30,ELIT.JK,15050000000,-658970000,218130000000.0,2780000000.0,2780000000.0,108100000000.0,28560000000.0,110030000000.0,110150000000.0,70660000000.0,,95560000000.0,-24230000000.0,-41820000000.0
83830000000,2220000000,919470000,112220000,1020000000,2029999999,7310000000.0,2220000000,2023-09-30,ELIT.JK,12510000000,-1070000000,230760000000.0,10160000000.0,10160000000.0,119690000000.0,26510000000.0,111060000000.0,111170000000.0,93630000000.0,,99030000000.0,17830000000.0,39630000000.0
90350000000,-2290000000,12130000000,-3140000000,8890000000,2029999999,3890000000.0,-2290000000,2023-12-31,ELIT.JK,17059999999,-170780000,227770000000.0,21560000000.0,21560000000.0,107890000000.0,24960000000.0,119880000000.0,119890000000.0,80310000000.0,,109910000000.0,33310000000.0,30430000000.0
105470000000,9250000000,10530000000,-2020000000,8640000000,2029999999,16890000000.0,9250000000,2024-03-31,ELIT.JK,23070000000,-515870000,276150000000.0,17930000000.0,17930000000.0,147800000000.0,22810000000.0,128340000000.0,128479999999.0,104800000000.0,,105960000000.0,-228630000.0,-755790000.0
115400000000,9670000000,8090000000,-2120000000,5870000000,2029999999,16879999999.0,9670000000,2024-06-30,ELIT.JK,27960000000,-408120000,309550000000.0,13470000000.0,13470000000.0,184880000000.0,20860000000.0,124680000000.0,124710000000.0,141360000000.0,,109120000000.0,8430000000.0,-2160000000.0
6040000000,504490000,451230000,-127550000,323680000,1600000000,2320000000,504490000,H1 '24-12-31,WIDI.JK,,,49660000000,11550000000,11550000000,2460000000,1170000000,47200000000,47200000000,,,,1790000000.0,-14430000000.0
